2014 3412
1055 302 1118 352 50

295 425 480 485 sciant,
510 427 567 474 τὸ
596 428 925 491 συγκριτικὸν
955 428 1122 490 ὄνομα
1154 429 1386 479 adieetivi
1417 433 1624 495 γεραιός
1651 447 1752 481 non
1771 447 1876 482 esse

294 514 632 576 γεραιότερος,
667 513 753 561 sed
786 528 982 576 semper
1015 514 1226 576 ubique,
1262 516 1463 563 extrusa
1495 516 1644 565 litera
1677 535 1704 566 ο
1736 518 1874 567 inve—

293 596 390 643 niri
435 599 747 665 γεραίτερρς,
794 599 874 660 (ef.
917 599 1155 662 Krueger.
1201 614 1274 661 gr.
1304 615 1376 662 gr.
1415 601 1452 648 I.
1492 601 1624 661 582.
1647 602 1689 650 2.
1724 602 1872 651 Anm.

283 679 438 728 Koch.
468 698 540 744 gr.
569 698 643 746 gr.
678 682 800 744 §35
823 684 888 745 2.)
917 685 1090 731 tamen
1115 683 1283 746 potius
1312 687 1488 732 eontra
1516 687 1679 735 artem
1707 702 1872 750 gram—

282 766 520 813 maticam
550 770 784 829 peceant,
815 784 968 830 quam
999 770 1057 816 ut
1082 768 1217 816 facili
1242 769 1443 831 negotio
1468 785 1494 817 e
1515 771 1693 819 codicis
1709 771 1872 835 Apr.:

280 856 632 917 γεραιρετέρων
667 855 872 912 eruant,
906 853 1038 915 quod
1073 853 1236 901 solum
1271 853 1388 901 ferri
1423 857 1616 916 potest:
1650 861 1869 920 γεραιτέ-

281 953 393 1000 ρων.
421 938 489 985 At
517 938 707 987 dicent:
744 939 902 996 „inest
930 938 1087 1001 igitur
1116 939 1271 986 etiam
1301 939 1480 987 codicis
1511 940 1556 988 A
1575 955 1645 1003 pr.
1665 941 1870 992 lectioni

279 1022 508 1070 vitium'’.
563 1023 701 1071 Inest
745 1023 974 1085 quidem,
1015 1023 1099 1071 sed
1133 1025 1304 1071 tamen
1342 1024 1525 1071 vitium
1560 1027 1638 1073 est
1655 1062 1667 1085 ,
1703 1028 1764 1074 ut
1796 1027 1872 1076 ita

278 1106 467 1166 dicam,
495 1108 986 1167 innocentissimum,
1016 1122 1130 1155 eum
1161 1123 1250 1170 per
1279 1108 1673 1172 dittographiam
1703 1113 1754 1173 (a
1770 1126 1871 1174 qua.

280 1192 363 1240 vix
412 1193 519 1239 ulla
563 1193 806 1241 librorum
850 1179 1310 1255 'manuscriptorum
1355 1194 1540 1256 pagina
1586 1211 1713 1258 pura
1747 1199 1869 1259 est),

283 1277 539 1339 geminata
573 1278 640 1325 sit
673 1279 865 1341 syllaba
901 1298 975 1342 ρα
993 1299 1036 1335 ι,
1074 1280 1126 1326 et
1161 1278 1362 1340 quidem
1398 1279 1474 1326 ita
1499 1281 1782 1342 geminata,
1811 1284 1872 1330 ut

280 1376 381 1409 non
416 1364 526 1409 tam
562 1363 839 1425 scripturae
874 1379 1027 1425 quam
1060 1363 1485 1426 pronuntiationis
1521 1365 1651 1414 ratio
1685 1366 1752 1414 sit
1779 1367 1866 1414 ha-

281 1446 402 1493 bita.
433 1445 566 1494 Nam
594 1445 962 1509 diphthongum
991 1467 1024 1495 α
1042 1468 1062 1494 ι
1092 1448 1265 1495 eodem
1282 1483 1294 1507 ,
1322 1462 1420 1510 quo
1448 1463 1538 1496 nos
1556 1450 1867 1511 proferamus

279 1530 483 1578 literam
518 1550 564 1589 ε,
600 1546 749 1590 sono,
784 1531 924 1579 reddi
958 1532 1159 1580 solitam
1197 1547 1328 1591 esse,
1366 1535 1418 1580 et
1447 1534 1632 1595 passim
1661 1535 1732 1584 sic
1757 1551 1867 1598 pee-

278 1616 405 1675 car1,
451 1618 511 1664 ut
556 1636 625 1664 αι
671 1632 760 1678 pro
797 1636 816 1664 ε
849 1617 1123 1676 scribatur,
1165 1619 1257 1664 aut
1304 1636 1324 1665 ε
1358 1633 1449 1679 pro
1496 1638 1592 1679 αι,
1626 1634 1728 1668 non
1763 1623 1867 1682 est,

283 1701 415 1761 quod
450 1701 676 1762 pluribus
711 1701 931 1750 doceam.
1787 1694 1790 1696 ’

347 1784 578 1833 Ceterum
605 1801 707 1834 non
737 1788 870 1834 reete
902 1787 1025 1833 mihi
1053 1787 1253 1835 videtur
1270 1786 1580 1850 Hirsehigius
1597 1788 1705 1851 ipsa
1720 1789 1862 1839 haee:

281 1875 382 1918 τῶν
432 1875 764 1934 γεραιτέρων,
811 1873 988 1933 utpote
1039 1873 1206 1934 spuria
1251 1888 1277 1922 e
1317 1875 1556 1921 contextu
1595 1888 1866 1924 removere.

281 1955 414 2003 Nam
461 1959 742 2015 aecusator,
777 1957 863 2018 qui
897 1971 1069 2004 omnes
1106 1957 1326 2005 intendit
1359 1957 1487 2005 vires
1508 1994 1520 2017 ‚
1555 1960 1615 2006 ut
1647 1959 1719 2007 rei
1753 1973 1866 2008 oon-

280 2040 651 2088 demnationem
697 2041 878 2089 efficiat
891 2077 902 2100 ,
947 2041 1124 2088 callido
1172 2042 1381 2090 artifieio
1419 2057 1536 2089 usus
1570 2043 1674 2091 eius
1708 2043 1865 2091 scelus

279 2124 354 2171 ita
388 2125 647 2183 describit,
680 2127 740 2172 ut
773 2124 871 2172 duo
909 2125 1093 2172 seelera
1120 2125 1383 2173 commissa
1412 2140 1516 2174 esse
1531 2162 1543 2185 ,
1571 2126 1685 2174 inde
1714 2141 1866 2189 appa-

280 2211 401 2257 reat.
451 2209 516 2256 Et
550 2210 782 2256 attendas
816 2223 999 2270 quaeso
1015 2245 1027 2266 ,
1061 2224 1215 2270 quam
1244 2211 1360 2271 apte
1388 2225 1494 2258 rem
1523 2225 1667 2257 suam
1693 2211 1864 2273 egerit.

281 2294 375 2342 Per
408 2295 614 2342 ehiasmi
648 2294 830 2356 quippe
863 2293 1077 2356 figuram
1105 2294 1269 2353 docet,
1297 2309 1465 2353 reum,
1495 2295 1580 2356 qui
1609 2295 1863 2344 hominem

281 2380 461 2428 ἔτυπτέ
485 2399 535 2427 τε
567 2380 656 2427 καὶ
686 2380 890 2442 ἔπνιγεν
917 2382 1009 2434 ἕως
1039 2386 1127 2437 τῆς
1151 2387 1322 2440 Ψυχῆς
1345 2379 1673 2442 ἀπεστέρησεν
1691 2381 1864 2440 αὐτόν,

283 2465 482 2513 caedem
531 2464 856 2522 commisisse,
909 2463 993 2510 sed
1029 2463 1228 2525 insuper
1262 2466 1466 2526 propter
1499 2465 1558 2512 τὸ
1590 2466 1738 2529 ὕβρει
1771 2467 1863 2514 καὶ

284 2551 540 2614 ἀκολασίᾳ
585 2556 846 2612 παροινεῖν
893 2547 987 2602 εἰς
1032 2546 1233 2611 ἄνδρα
1269 2549 1660 2611 πρεσβύτην,
1694 2551 1863 2599 confu-

283 2635 412 2682 disse
446 2637 497 2683 et
525 2635 834 2696 proculcasse
863 2634 1069 2681 ἅπαντα
1099 2634 1162 2680 τά
1194 2636 1396 2696 νόμιμα
1416 2663 1473 2669 -
1495 2635 1863 2696 quorumnam&

280 2721 544 2767 nimirum:
581 2726 683 2767 τῶν
718 2721 1030 2783 γεραιτέρων.
1078 2718 1212 2766 Nam
1247 2734 1305 2767 eo
1337 2719 1566 2782 graviore
1599 2734 1757 2781 poena
1790 2720 1864 2768 di-

282 2820 437 2866 gnum
473 2806 583 2852 erat
610 2792 911 2852 maleficium
932 2841 939 2858 ,
970 2804 1102 2866 quod
1121 2804 1443 2852 commissum
1462 2806 1590 2851 esset
1607 2804 1659 2850 in
1678 2819 1862 2864 senem,

279 2905 431 2951 quam
466 2892 686 2938 aetatem
704 2927 714 2945 ‚
742 2891 802 2936 ut
829 2890 1032 2937 iuvenes
1062 2904 1259 2936 summa
1283 2904 1398 2937 eum
1426 2889 1616 2950 pietate
1645 2890 1696 2936 et
1724 2904 1860 2938 reve-

277 2975 440 3022 rentia
483 2976 702 3024 colerent
734 2973 945 3022 Athenis
978 2989 1009 3019 a
1043 2974 1206 3035 prima
1239 2975 1342 3021 iam
1377 2973 1594 3036 pueritia
1627 2973 1858 3023 institue-
