2014 3412
959 253 1050 303 103

206 383 310 431 καί
343 381 478 431 idem
524 380 691 430 valere
737 395 818 429 ae:
864 395 966 428 non
1012 379 1176 428 solum
1219 408 1280 416 -
1318 379 1404 430 sed
1439 379 1620 441 etiam,
1656 395 1806 431 nemo

206 483 309 517 non
342 466 611 530 intellegit.

271 553 396 615 581.
432 553 531 602 ὅσα
559 551 658 614 μὲν
687 550 781 602 οὖν
811 554 868 602 ἐκ
895 558 997 602 τῶν
1027 552 1369 618 ἀνθρωπίνων
1399 556 1685 618 τεκμηρίων
1714 555 1808 603 καὶ

205 643 503 703 μαρτυριῶν
548 635 635 687 οἷά
679 658 729 687 τε
766 634 827 699 ἦν
873 637 1290 702 ἀποδειχθῆναι,
1335 639 1598 698 ἀκηκόατε.
1648 641 1806 689 Valde

204 739 403 782 vereor,
450 739 514 773 ne
559 725 754 784 orator,
800 739 916 772 eum
967 739 1020 772 se
1071 725 1266 780 omnia,
1305 740 1434 787 quae
1467 725 1806 774 demonstrari

203 809 515 873 potuissent,
551 809 922 857 demonstrasse
956 810 1219 872 perhibeat
1234 847 1246 870 ,
1280 810 1496 858 nimium
1533 811 1627 859 sibi
1661 812 1804 860 adro-

203 896 316 958 get,
350 909 465 943 eum
499 894 796 957 praesertim
831 896 888 955 ἓξ
908 893 984 945 74.
1024 894 1083 944 75
1121 896 1507 956 tantummodO,
1543 896 1677 958 quod
1714 897 1804 945 sei-

202 982 284 1030 ret
327 979 653 1029 defensurum
698 994 804 1029 sese
848 980 1172 1043 promisisset.
1220 980 1289 1029 Of.
1336 982 1368 1030 1.
1400 982 1432 1030 l.
1481 984 1572 1031 καὶ
1617 983 1666 1031 εἰ
1703 981 1804 1044 μὲν

205 1065 303 1131 ἐγὼ
348 1068 525 1115 τούτου
567 1065 950 1130 ἀγωνιζομένου
994 1068 1411 1131 κατεμαρτύρουν
1448 1067 1483 1115 ἃ
1516 1070 1586 1130 μὴ
1620 1071 1804 1130 σαφῶς

203 1150 297 1215 ᾔδη
347 1152 473 1214 ἀκοῇ
525 1150 582 1200 δὲ
635 1152 947 1213 ἠπιστάμην,
1003 1151 1161 1219 δεινά-
1198 1153 1266 1202 ἂν
1312 1154 1408 1214 ἔφη
1455 1154 1676 1216 πάσχειν
1723 1153 1804 1203 ὑπ’

203 1239 350 1300 ἐμοῦ·
415 1244 510 1287 νῦν
567 1236 622 1286 δὲ
668 1237 983 1303 ἀναγκάζων
1029 1238 1116 1300 ἐμὲ
1165 1238 1540 1304 ἀπολογεῖσθαι
1588 1233 1660 1289 ὧν
1709 1240 1806 1305 ἐγὼ

201 1325 362 1388 πολλῷ
409 1325 647 1389 νεώτερός
694 1325 800 1384 εἰμι
847 1325 938 1372 καὶ
986 1325 1119 1390 λόγῳ
1161 1323 1304 1376 οἶδα,
1351 1333 1513 1375 ταῦτα
1561 1327 1620 1375 ου’
1665 1325 1806 1375 δεινά

203 1414 402 1476 ἡγεῖται
449 1410 747 1475 εἰργάσθαι
800 1411 939 1471 ὅμως
983 1415 1163 1472 μέντοι
1198 1410 1322 1459 καθ’
1356 1413 1484 1461 ὅσον
1518 1414 1617 1479 ἐγὼ
1653 1412 1803 1470 οἰδα,

204 1497 265 1546 οὐ
297 1495 541 1562 προδώσω
574 1497 667 1545 τὸν
701 1501 894 1560 πατέρα
935 1505 1106 1553 κακῶς
1141 1497 1397 1547 ἀκούοντα
1435 1499 1490 1547 ἐν
1523 1501 1653 1559 ὑμῖν
1688 1499 1805 1547 ἀδί-

206 1601 333 1640 κως.
384 1584 561 1632 καίτοι
608 1581 731 1646 τάχ’
767 1583 835 1631 ἂν
871 1583 1139 1644 σφαλείην,
1169 1584 1204 1632 ἃ
1240 1585 1433 1641 ἐκεῖνος
1469 1586 1645 1649 ὀρθῶς
1681 1586 1806 1651 ἔργῳ

206 1673 411 1736 ἔπραξε,
445 1671 586 1721 ταῦτ’
624 1672 721 1735 ἐγὼ
755 1672 887 1737 λόγῳ
919 1674 989 1734 μὴ
1024 1673 1198 1737 ὀρθῶς
1232 1674 1411 1722 εἰπών’
1453 1674 1593 1736 ὅμως
1629 1673 1675 1723 δ’
1712 1669 1805 1725 οὖν

205 1756 659 1814 κεκινδυνεύσεται.
708 1758 821 1806 Huc
863 1758 1021 1807 etiam
1064 1758 1324 1808 referenda
1368 1762 1489 1808 sunt
1536 1761 1645 1822 §79
1692 1762 1806 1823 (sub

204 1845 405 1906 finem):
441 1848 606 1910 γέρων
639 1843 742 1906 μὲν
773 1844 968 1900 ἐκεῖνος
996 1843 1115 1893 ὥστ’
1148 1845 1266 1906 ἐμοὶ
1294 1846 1540 1908 βοηθεῖν,
1573 1849 1809 1911 νεώτερος

206 1929 254 1980 δ’
299 1931 396 1997 ἐγὼ
441 1931 603 1995 πολλῷ
649 1934 676 1991 ἢ
716 1932 840 1979 ὥστε
876 1928 1144 1979 δύνασθαι
1178 1932 1380 1996 ἐμαυτῷ
1417 1942 1660 1996 τιμωρεῖν
1697 1940 1806 1983 ἰκα-

205 2022 322 2075 νῶς.
370 2017 462 2066 His
508 2019 768 2080 permotus
809 2031 912 2064 non
946 2017 1119 2074 eredO,
1157 2032 1300 2065 reum
1337 2033 1537 2066 summa
1571 2034 1806 2084 arrogan-

205 2104 280 2152 tia
329 2118 481 2151 usum
532 2102 734 2151 dixisse:
788 2099 874 2151 οἶά
925 2121 974 2151 τε
1026 2097 1087 2162 ἦν
1139 2100 1528 2166 ἀποδειχθῆναι
1578 2120 1668 2167 pro
1720 2121 1805 2166 e0‚

205 2188 338 2251 quod
367 2188 486 2237 locis
518 2187 665 2237 modo
685 2188 1410 2251 commemoratisrespondens
1429 2193 1802 2253 exspectamus:

205 2271 293 2324 οἶά
336 2265 403 2323 vs*
433 2269 493 2334 ἦν
526 2291 620 2334 μοι
658 2273 737 2322 vel
770 2271 852 2323 ὑπ’
889 2274 1011 2334 εζιιοῦ
1046 2272 1458 2336 ἀποδειχθῆναι,
1493 2290 1711 2338 quorum
1746 2278 1807 2326 ut

206 2359 515 2408 alterutrum
547 2359 879 2407 restituamus
916 2374 1095 2408 moneo
1131 2361 1286 2422 atque
1320 2361 1509 2409 hortor.

270 2444 395 2506 394.
443 2446 632 2495 τούτων
676 2445 776 2511 γάρ
822 2446 971 2511 ἔργον
1018 2452 1194 2503 τοῦτο,
1239 2447 1386 2508 ὑμῶν
1421 2446 1474 2495 δὲ
1511 2447 1571 2496 τὸ
1602 2450 1673 2510 μὴ
1710 2450 1807 2497 πεί-

176 2535 401 2590 ,osorem
446 2531 512 2580 τά
552 2533 622 2593 μὴ
670 2530 887 2582 δίκαια.
927 2537 1075 2581 τοῦτο
1107 2532 1207 2595 μὲν
1242 2532 1340 2598 γάρ
1376 2534 1493 2595 ἐμοὶ
1527 2535 1804 2598 π(ε)ιθομε’-

205 2636 317 2675 νοις
349 2619 478 2681 ὑμῖν
510 2619 854 2681 μεταμελῆσαι
890 2619 1058 2678 ἔστιν,
1100 2620 1193 2668 καὶ
1227 2621 1405 2669 τούτου
1441 2621 1721 2685 φάρμακον
1748 2622 1808 2670 τὸ

205 2702 365 2764 αὖθις
413 2707 654 2765 κολάσαι,
701 2713 792 2757 τοῦ
838 2706 894 2757 δὲ
941 2709 1141 2764 τούτοις
1179 2711 1564 2773 π(ε)ιθομε’νους
1612 2711 1805 2776 ἐξεργά-

205 2797 411 2844 σασθαι
460 2793 495 2841 ἃ
545 2786 688 2843 οὗτοι
738 2794 1018 2856 βούλονται
1069 2795 1160 2843 οὐκ
1212 2795 1355 2844 ἔστιν
1407 2798 1567 2852 ἴασις.
1636 2796 1806 2846 Primo

203 2879 382 2929 statim
426 2879 665 2942 adspectu
713 2882 950 2942 apparet,
1001 2881 1156 2929 verba
1201 2887 1348 2930 τοῦτο
1395 2880 1495 2943 μὲν
1541 2882 1637 2947 γάρ
1684 2898 1730 2944 q.
1767 2899 1804 2931 s.

204 2966 345 3015 nullo
382 2979 496 3014 cum
532 2966 943 3015 antecedentibus
976 2966 1242 3015 cohaerere
1272 2968 1472 3016 vinculo
1488 3005 1500 3028 ,
1530 2983 1643 3017 cum
1664 2984 1803 3033 prae-
