2014 3412
993 274 1052 322 23

134 410 136 415 ’
203 398 382 459 amm,
416 398 520 448 scil.
555 406 649 449 ποῦ
681 415 772 463 pro
806 401 1058 450 codicum:
1094 403 1185 463 (τι)
1215 402 1274 450 οὐ
1301 403 1353 450 et
1382 405 1410 462 ἢ
1439 402 1519 459 τίς
1548 417 1638 465 pro
1658 406 1704 451 εἵ
1717 421 1813 459 τις.

209 482 308 534 Eis
350 484 512 533 causis
547 485 794 546 adducor,
832 488 892 535 ut
927 486 1126 535 credam
1147 525 1158 547 ,
1193 487 1475 550 graviorem
1510 489 1559 535 h.
1590 489 1624 536 1.
1658 490 1815 538 latere

71 566 75 569 ’
120 569 159 620 -ὲῑ-
212 570 566 633 oerruptelam.
616 571 757 620 Licet
807 574 982 620 autem
1032 573 1303 634 probabilis
1356 573 1645 621 coniectura
1691 574 1815 622 mihi

83 694 88 701 .
127 656 139 668 fi
211 668 316 705 mn
347 655 402 703 in
437 658 662 705 mentem
695 657 894 716 veniat,
931 659 1105 706 tamen
1139 658 1397 718 indicabo,
1431 659 1551 720 quid
1586 659 1687 707 fere
1712 660 1758 708 h.
1780 661 1810 708 1.

213 740 606 804 exspectaverim
622 779 634 801 ,
674 742 804 792 scil.:
844 744 873 792 ὁ
908 741 965 792 δὲ
1000 745 1092 792 οὐκ
1125 745 1340 809 ἔλεγχον
1373 745 1664 808 παρασχὼν
1696 745 1813 795 οὐδὲ

211 825 483 888 βάσανον,
521 828 583 876 οὐ
617 825 768 887 δίκην
798 827 1002 878 δώσεῑ(Ξ
1029 831 1060 869 ν)
1098 830 1377 892 &pem->ev
1408 834 1471 891 (ἢ
1496 831 1812 893 ἄ>πισ(τοἓ>

212 912 668 979 ᾱογχθήσεσθα
685 937 704 962 ι
715 928 728 972 ;
764 915 954 963 sciebat
988 915 1151 976 enim,
1187 931 1238 964 se
1267 917 1588 965 moriturum.
1620 918 1702 965 Ita
1729 918 1811 966 de-

210 1013 354 1048 mum
384 999 550 1048 iustus
584 1003 797 1063 paratur
829 1001 1076 1049 transitus
1106 1002 1169 1049 ad
1198 1002 1461 1064 sequentia
1474 1039 1487 1062 ,
1516 1002 1603 1050 ubi
1631 1003 1809 1051 verba:

211 1083 504 1143 ἀκινδύνως
538 1084 594 1134 δὲ
625 1086 823 1149 μέλλων
855 1095 1134 1151 μαρτυρεῖν
1169 1102 1285 1135 cum
1320 1088 1546 1150 emphasi
1575 1091 1813 1151 repetunt

210 1173 517 1222 sententiam
531 1210 544 1232 ,
573 1188 675 1236 qua
703 1173 1033 1222 cumulantur
1062 1173 1426 1221 antecedentia.
1460 1172 1639 1222 Servus
1670 1188 1811 1236 erg0‚

208 1258 391 1308 mortis
434 1259 675 1307 instantis
721 1259 815 1306 sibi
860 1258 1087 1307 conscius
1102 1295 1113 1317 ‚
1161 1259 1316 1306 etiam
1365 1259 1555 1321 optime
1597 1259 1786 1307 sciebat
1800 1295 1812 1318 ,

208 1357 267 1392 802
294 1358 397 1393 non
425 1345 767 1393 excruciatum
795 1344 859 1391 iri
887 1344 1158 1392 tormentis
1175 1383 1186 1400 ,
1210 1358 1373 1406 neque
1400 1343 1515 1391 falsi
1533 1344 1813 1392 testimonii

211 1429 501 1488 convictum
545 1429 632 1489 iri,
678 1444 841 1492 neque
879 1429 1038 1492 igitur
1069 1444 1255 1491 poenas
1270 1466 1281 1488 ,
1317 1444 1442 1491 quas
1478 1430 1520 1477 si
1554 1429 1811 1478 convictus

212 1515 371 1574 esset,
403 1515 662 1563 soluturus
696 1514 873 1563 fuisset
888 1551 900 1573 ‚
935 1514 1237 1562 soluturum.

278 1601 308 1661 ἓ
341 1599 387 1648 8.
439 1600 620 1650 ὁπόσοι
671 1599 770 1665 γάρ
822 1598 1005 1648 δοῦλοί
1039 1618 1134 1661 μοι
1181 1603 1208 1659 ἢ
1245 1598 1433 1649 δοῦλαί
1459 1599 1574 1656 εἰσι,
1609 1600 1811 1656 πάντας

212 1684 545 1752 παραδίδωμι
579 1687 894 1749 βασανίσαι·
927 1688 1019 1735 καὶ
1038 1687 1130 1735 ἐάν
1150 1689 1221 1749 μὴ
1240 1692 1392 1747 φανῶ
1409 1688 1567 1751 ταύτῃ
1585 1696 1643 1750 τῇ
1661 1688 1813 1736 νυκτὶ

213 1775 271 1824 ἐν
297 1778 423 1840 οἴκῳ
450 1773 718 1834 καθεύδων
748 1778 776 1834 ἢ
806 1774 1020 1832 ἐξελθών
1050 1792 1155 1833 ποι,
1188 1775 1416 1840 ὁμολογῶ
1447 1775 1631 1835 φονεὺς
1659 1773 1811 1824 εἶναι.

211 1859 304 1909 His
352 1860 519 1910 verbis
567 1875 739 1919 reum,
786 1860 827 1908 si
876 1862 1043 1909 totam
1087 1861 1264 1917 huius,
1313 1876 1467 1923 quam
1511 1861 1813 1909 defensionis

213 1958 366 1996 eausa
407 1946 562 1995 habet
574 1982 587 2005 ,
636 1946 881 1994 orationis
914 1949 1154 1994 naturam
1189 1947 1341 2009 paulo
1377 1947 1661 1995 accuratius
1699 1961 1814 1995 con-

211 2032 546 2095 templamur,
591 2032 752 2080 dicere
798 2035 1146 2095 exspectamus
1160 2070 1172 2092 ,
1220 2048 1272 2081 se
1317 2032 1534 2081 libenter
1578 2033 1716 2081 caedi
1760 2049 1814 2082 se

211 2116 430 2165 adfinem
475 2131 582 2166 esse
626 2116 802 2176 fateri,
850 2117 892 2165 si
938 2117 1180 2166 damnosa
1224 2118 1313 2165 illa
1354 2120 1501 2166 nocte
1534 2134 1623 2181 per
1657 2119 1811 2181 quod-

211 2216 453 2267 cumque,
486 2204 568 2253 vel
605 2203 873 2251 minimum
907 2204 1151 2266 temporis
1181 2204 1400 2266 spatium
1421 2204 1557 2252 domi
1574 2220 1693 2253 suae
1710 2220 1811 2253 non

210 2288 363 2338 fuisse
395 2289 740 2339 convincatur.
777 2288 848 2336 At
878 2289 996 2336 talis
1030 2289 1385 2352 interpretatio
1420 2305 1480 2338 ex
1509 2290 1626 2352 ipsis
1642 2328 1653 2350 ,
1683 2306 1812 2352 quae

209 2370 487 2424 traduntur
501 2413 513 2435 ,
558 2375 724 2423 verbis
770 2375 879 2423 erui
914 2389 1015 2423 non
1049 2375 1126 2422 ita
1161 2374 1307 2423 facile
1340 2377 1520 2437 potest.
1560 2375 1649 2424 Sat
1686 2376 1812 2424 mire

209 2462 383 2510 autem
418 2461 645 2510 codicum
679 2461 831 2509 lectio
866 2475 1010 2509 reum
1045 2460 1409 2509 vociferantem
1444 2460 1591 2509 facit:
1631 2476 1682 2509 se
1710 2476 1812 2509 non

209 2546 550 2596 infitiatumm
565 2584 578 2606 ‚
611 2532 799 2595 sceleri*
820 2561 872 2594 se
907 2546 1180 2595 obnoxium
1217 2560 1347 2604 esse,
1383 2546 1426 2593 si
1459 2561 1561 2594 non
1597 2561 1810 2609 apparu-

211 2632 337 2692 erit,
370 2631 460 2680 illa
493 2633 642 2680 nocte
676 2645 728 2679 se
763 2631 899 2679 domi
928 2646 1162 2679 somnum
1191 2631 1390 2693 cepisse.
1420 2630 1555 2679 Nam
1570 2669 1581 2691 ‚
1612 2632 1813 2680 etiamsi

210 2717 518 2767 testimoniis
558 2716 789 2776 invictiS‚
836 2717 886 2764 id
932 2717 1009 2764 ita
1043 2731 1148 2765 esse
1181 2716 1602 2777 demonstrasset,
1637 2719 1812 2766 tamen

210 2803 307 2852 hoc
348 2802 488 2851 nullo
534 2802 682 2851 modo
728 2802 782 2849 in
828 2817 935 2850 rem
968 2817 1114 2850 suam
1149 2804 1346 2850 vertere
1382 2803 1643 2865 potuisset.
1681 2802 1813 2850 Fieri

211 2889 347 2938 enim
386 2889 580 2952 potuit,
613 2891 676 2937 ut
692 2925 704 2948 ,
738 2890 1007 2951 postquam
1037 2887 1257 2950 priorem
1276 2888 1438 2936 noctis
1456 2890 1655 2950 partem
1674 2887 1813 2935 domi

211 2989 333 3024 suae
365 2975 582 3038 degisset
595 3012 607 3035 ‚
646 2978 784 3034 (nam
820 2972 1098 3022 dormiendi
1134 2973 1393 3022 notionem
1423 2989 1522 3022 non
1552 2972 1702 3020 nimis
1729 2988 1812 3020 ur-
