2014 3412
953 294 1009 341 61

185 424 261 474 ita
309 425 370 472 ut
419 423 589 486 potius
639 420 949 470 desideretur
997 418 1178 468 vocula
1195 456 1206 474 ,
1260 417 1324 465 ab
1371 416 1685 480 Antiphonte
1732 419 1782 466 in

184 509 374 558 talibus
406 508 695 571 saepissime
728 506 956 554 adhibita
971 543 984 562 ,
1014 499 1121 553 οὖν.
1152 502 1461 550 Praeferrem
1481 505 1654 551 autem
1673 518 1785 565 par-

184 594 397 644 ticulam
431 593 530 658 ἄρ’,
563 593 662 640 nisi
694 607 796 640 uno
830 592 1035 639 tantum
1072 590 1182 638 loeo
1211 588 1263 635 in
1293 588 1655 650 Antiphonteis
1675 603 1787 636 eam

186 682 383 731 exstare
417 678 666 737 viderem,
701 677 804 726 scil.
842 675 926 724 VI.
964 677 992 736 ἓ
1030 674 1082 734 l,
1116 689 1235 721 nam
1273 673 1356 721 VI.
1393 675 1421 733 ἓ
1457 673 1517 720 35
1555 674 1788 722 Baiterus

185 781 276 830 pro
309 765 537 815 codicum
571 764 652 828 ἄρ’
689 762 930 811 correxit:
968 762 1083 826 γάρ.

252 851 388 901 Haec
438 853 583 910 sunt,
633 864 763 913 quae
813 848 867 895 in
917 847 1139 895 medium
1187 844 1408 908 proferre
1448 844 1695 893 habebam
1729 845 1789 893 de

185 937 434 1001 particula
484 937 606 1001 γάρ;
659 938 784 982 num
836 935 1013 981 tamen
1061 947 1239 981 verum
1291 930 1504 979 viderim
1520 967 1532 990 ‚
1585 931 1762 980 dubito
1778 969 1790 992 ,

184 1023 424 1087 quoniam
475 1037 577 1071 non
626 1021 791 1069 solum
842 1019 965 1067 haee
1009 1018 1261 1081 particula
1305 1017 1358 1064 in
1405 1019 1553 1065 textu
1597 1017 1789 1065 tradito

183 1109 400 1158 molesta
433 1110 535 1167 est,
569 1107 655 1156 sed
688 1107 950 1168 praeterea
982 1103 1161 1153 vocula
1197 1103 1265 1151 ἄν
1299 1118 1330 1149 a
1365 1102 1613 1151 codicibus
1642 1103 1785 1151 abest

184 1197 238 1244 et
271 1210 362 1258 pro
397 1196 426 1244 ὁ
459 1193 711 1243 traditum
746 1193 823 1240 est
857 1188 970 1250 ὅδε,
1006 1204 1132 1252 quas
1166 1190 1269 1237 tres
1304 1188 1625 1236 difficultates
1642 1225 1653 1247 ‚
1685 1188 1783 1236 uti-

183 1296 306 1329 nam
338 1294 514 1330 omnes
546 1293 648 1327 uno
682 1275 904 1325 remedio
938 1289 1197 1324 removere
1231 1288 1444 1337 possem.

839 1483 1127 1492 ————-

937 1632 1023 1704 V.

253 1795 282 1856 ἓ
314 1793 360 1842 8.
398 1798 597 1858 πρῶτον
630 1791 730 1853 μὲν
763 1785 883 1851 οὖν,
920 1792 990 1847 ὡς
1023 1795 1444 1855 παρανομώτατα
1480 1791 1571 1838 καὶ
1606 1790 1786 1850 βιαιό-

189 1876 321 1930 τατα
372 1879 448 1936 εἰς
500 1877 649 1928 τόνδε
701 1879 791 1926 τὸν
844 1877 1023 1943 ἀγῶνα
1075 1881 1407 1936 καθέστηκα,
1462 1882 1610 1924 τοῦτο
1653 1878 1791 1937 ὑμᾶς

138 1989 142 1993 ·
189 1966 412 2025 διδάξω,
449 1967 511 2015 οὐ
544 1971 613 2030 τῷ
649 1967 848 2030 φεύγειν
879 1966 944 2012 ἂν
982 1966 1038 2012 τὸ
1072 1965 1265 2022 πλῆθος
1299 1965 1358 2012 τὸ
1387 1966 1652 2027 ὑμέτερον,
1687 1964 1791 2012 ἐπεὶ

190 2054 290 2103 κᾶν
322 2052 617 2115 ἀνωμότοις
649 2054 779 2113 ὑμῖν
813 2052 906 2100 καὶ
933 2053 1002 2114 μὴ
1031 2052 1165 2099 κατα
1194 2052 1360 2112 νόμον
1384 2048 1583 2110 μηδένα
1604 2051 1791 2113 ἐπιτρέ-

193 2155 359 2202 ψαιμι
416 2140 526 2204 περὶ
576 2145 664 2187 τοῦ
715 2140 957 2199 σώματος
1008 2142 1097 2186 τοῦ
1150 2138 1274 2198 ἐμοῦ
1327 2135 1791 2196 δια-ψηφίσασθαι,

191 2229 338 2276 ἕνεκα
374 2243 428 2291 γε
461 2230 551 2275 τοῦ
586 2225 840 2274 πιστεύειν
877 2225 1002 2286 ε”μοί
1029 2243 1079 2271 τε
1105 2221 1269 2284 μηδὲν
1300 2222 1684 2285 ἐξημαρτῆσθαι
1715 2222 1791 2277 εἰς

192 2311 309 2363 τόδε
353 2313 412 2361 τὸ
452 2317 663 2377 πρᾶγμα
700 2312 792 2360 καὶ
825 2313 966 2374 ὑμᾶς
1000 2313 1296 2376 γνώσεσθαι
1332 2310 1396 2357 τα
1430 2308 1645 2365 δίκαια,
1683 2310 1789 2358 ἀλλ’

193 2403 283 2450 ἶνα
333 2397 363 2463 ᾖ
409 2404 654 2463 τεκμήρια
701 2400 828 2460 ὑμῖν
873 2399 964 2446 καὶ
1010 2403 1115 2446 τῶν
1149 2397 1316 2446 ἄλλων
1345 2401 1660 2462 πραγμάτων
1691 2404 1794 2446 τῶν

192 2486 266 2543 εἰς
314 2485 404 2549 ἐμὲ
453 2488 482 2545 ἡ
527 2487 722 2535 τούτων
766 2486 1013 2546 βιαιότης
1057 2485 1152 2532 καὶ
1186 2485 1507 2547 παρανομία.
1541 2484 1574 2531 i.
1594 2498 1634 2531 e.
1672 2485 1792 2532 ante

193 2573 364 2622 omnia
407 2587 495 2621 vos
540 2572 723 2620 docebo
739 2608 750 2630 ‚
795 2571 1006 2628 iudices,
1054 2585 1209 2632 quam
1242 2569 1508 2633 illegitime
1540 2584 1794 2632 quamque

192 2658 440 2707 violenter
473 2657 527 2704 in
562 2657 656 2705 hoe
688 2656 938 2704 adductus
973 2656 1067 2703 sim
1099 2655 1367 2715 iudicium,
1397 2670 1498 2703 nen
1526 2670 1625 2717 quo
1654 2655 1793 2703 defu-

194 2743 330 2807 giam
375 2742 759 2790 multitudinem
805 2743 1054 2800 vestram‚
1101 2740 1185 2789 sed
1225 2743 1287 2788 ut
1320 2740 1535 2789 istorum
1570 2741 1795 2789 violenta

196 2831 251 2878 et
293 2828 560 2891 illegitima
604 2827 783 2890 agendi
827 2827 958 2875 ratio
994 2826 1135 2875 vobis
1169 2825 1470 2874 documento
1505 2826 1572 2874 sit
1606 2828 1792 2874 cetera-

194 2930 310 2964 rum
357 2929 555 2976 quoque
571 2951 582 2968 ‚
629 2927 753 2975 quas
799 2913 974 2960 eontra
1009 2926 1091 2959 me
1125 2914 1338 2974 egerunt
1353 2950 1364 2966 ‚
1401 2926 1586 2959 rerum.
1623 2911 1792 2960 Primo

194 3001 298 3049 iam
332 2999 511 3049 statim
538 2998 777 3061 adspectu
806 2999 1043 3060 apparet,
1074 3012 1229 3059 quam
1259 2997 1577 3045 abundanter
1597 2996 1794 3045 adiecta
