2014 3412
1001 314 1063 363 58

258 440 418 503 gendo
433 477 444 499 ‚
478 441 538 488 ut
573 439 745 488 eadem
781 439 883 487 fere
915 439 1218 502 proferrent,
1252 439 1546 501 prolataque
1578 440 1632 488 in
1665 440 1840 490 eadem

259 527 532 573 mutarent.
569 524 703 572 Nam
737 524 965 572 Reiskius
998 524 1134 586 prius
1169 525 1230 572 ob
1260 525 1557 572 vocabulum
1583 527 1680 574 εἴτε
1705 525 1841 574 lacu-

257 626 377 657 nam
411 611 580 658 adesse
613 609 824 668 statuit,
852 611 1025 671 postea
1055 610 1228 656 autem
1244 645 1255 667 ,
1274 608 1366 656 hac
1383 591 1623 671 opiniones
1629 609 1840 667 reiecta,

255 695 555 757 particulam
590 714 639 742 τε
674 694 937 742 delendam
966 695 1018 742 et
1049 693 1101 740 in
1131 694 1453 754 sequentibus
1482 695 1634 743 verba
1657 697 1842 756 φονεύς

258 780 399 828 ἐστιν
434 779 496 826 ad
531 780 559 827 ὁ
593 779 827 835 πατάξας
862 778 1088 825 addenda
1122 777 1329 835 statuit;
1362 779 1612 841 Kayserus
1641 782 1840 840 autem,

256 863 381 911 Mus.
417 864 572 912 Rhen.
604 863 701 910 XII
724 878 833 925 pag.
857 861 965 909 240.
986 863 1206 909 alterum
1224 862 1513 923 requirebat
1531 864 1812 912 membrum
1826 902 1839 921 ‚

256 949 389 1011 quod
438 964 469 996 a
512 949 690 997 vocula
734 950 830 995 εἴτε
863 946 1244 1005 institueretur,
1281 947 1407 994 scil.:
1443 951 1538 996 εἴτε
1574 949 1602 997 ὁ
1636 949 1838 1011 ἐπιβου-

259 1034 435 1090 λεύσας
480 1033 614 1082 κατ-οὶ
658 1034 749 1081 τὸν
794 1034 960 1094 νόμον
1006 1033 1193 1091 φονεὺς
1237 1031 1465 1096 γίνεται,
1513 1033 1688 1083 deinde
1721 1049 1839 1084 vero

258 1119 326 1166 1.1.
379 1118 499 1167 XVI
548 1133 659 1180 pag.
714 1117 773 1167 72
825 1117 1125 1179 particulam
1173 1136 1223 1165 τε
1274 1117 1532 1165 delendam
1579 1120 1631 1166 et
1663 1119 1834 1168 verba:

259 1205 451 1266 μᾶλλον
496 1210 584 1251 τοῦ
614 1202 1030 1257 ’ἀποκτείναντος
1073 1204 1187 1264 post
1227 1204 1408 1263 φονεύς
1442 1204 1581 1251 ἐστιν
1612 1205 1839 1266 transpo-

259 1289 423 1338 nenda
456 1288 663 1336 censuit.
700 1287 765 1335 Et
797 1288 906 1335 iure
941 1303 1029 1336 suo
1064 1287 1159 1335 viri
1187 1288 1262 1334 illi
1290 1288 1565 1336 doctissimi
1593 1288 1846 1356 duplicem

259 1374 387 1421 hanc
419 1373 547 1421 inire
579 1374 854 1434 potuerunt
880 1372 1128 1420 rationem
1159 1372 1222 1419 ad
1253 1372 1620 1420 emendandum
1646 1373 1840 1432 locum,

260 1459 347 1520 qui
380 1458 491 1520 plus
525 1472 627 1504 una
656 1457 953 1505 difficultate
982 1457 1193 1504 laborat.
1212 1456 1346 1504 Nam
1368 1457 1500 1518 quod
1518 1457 1653 1505 dicta
1669 1459 1841 1519 postea
1864 1490 1866 1492 >

259 1543 603 1591 rescinderunt
653 1541 850 1603 aliaque
902 1541 953 1587 in
1005 1556 1176 1589 eorum
1228 1541 1394 1588 locum
1447 1542 1841 1601 substituerunt,

258 1630 392 1677 recte
425 1628 500 1675 ita
533 1627 782 1685 fecerunt,
812 1641 927 1674 cum
955 1626 1059 1673 dies
1088 1640 1281 1687 semper
1299 1625 1474 1674 doceat
1492 1626 1646 1674 diem:
1666 1626 1842 1689 utique

259 1713 464 1771 melius,
500 1727 652 1774 quam
686 1698 955 1769 Linderus,
990 1711 1076 1772 qui
1111 1713 1202 1758 τὸν
1235 1712 1535 1768 πατάξαντα
1565 1711 1628 1758 ad
1645 1726 1840 1771 senem,

259 1798 350 1846 τὸν
384 1795 439 1845 δὲ
474 1797 802 1858 βιασάμενον
832 1796 894 1843 ad
922 1796 1155 1845 iuvenem
1184 1795 1401 1844 referens
1431 1796 1698 1843 admodum
1716 1795 1839 1844 infe-

257 1883 422 1931 liciter
466 1882 702 1930 coniecit:
749 1884 844 1930 εἴτε
885 1882 912 1928 ὁ
948 1881 1182 1937 πατάξας
1215 1909 1276 1922 -.
1311 1884 1406 1929 εἴτε
1441 1882 1468 1930 ὁ
1501 1881 1837 1942 βιασάμενος.

259 1967 407 2014 Hunc
441 1966 628 2014 Reiskii
662 1966 926 2028 explicatio
962 1966 1168 2014 meliora
1204 1966 1405 2014 edocere
1439 1967 1636 2028 poterat
1669 1967 1747 2024 et,
1776 1980 1840 2013 ne

257 2051 402 2099 istius
444 2052 757 2100 coniecturae
791 2052 965 2099 auctor
999 2051 1250 2110 existeret,
1283 2051 1568 2112 probibere,
1603 2050 1840 2112 quoniam

258 2137 311 2183 in
344 2137 448 2184 eius
476 2137 688 2185 lectione
717 2137 893 2185 verba:
917 2136 1112 2194 μᾶλλον
1132 2142 1219 2184 τοῦ
1239 2135 1635 2191 ἀποκτείναντος
1655 2136 1841 2196 φονεύς

260 2224 428 2280 ἔστιν,
465 2210 581 2269 sive>
603 2221 665 2267 ad
699 2220 824 2267 illud
860 2221 962 2269 sive
997 2221 1060 2268 ad
1096 2221 1189 2269 hoc
1224 2221 1506 2268 membrum
1534 2220 1840 2279 referantur,

258 2306 395 2354 omni
438 2306 609 2353 carent
652 2320 813 2353 sensu.
862 2305 1098 2361 Quamvis
1132 2305 1287 2367 igitur
1320 2307 1453 2353 recte
1488 2305 1611 2352 mihi
1643 2304 1696 2351 in
1730 2304 1839 2351 uni-

258 2405 457 2439 versum
491 2389 740 2437 sententia
767 2405 797 2436 a
826 2390 946 2438 viris
975 2390 1075 2437 illis
1103 2389 1398 2436 doctissimis
1416 2389 1655 2437 restituta
1672 2388 1838 2436 videa-

258 2478 367 2534 tur,
400 2476 571 2522 tamen
606 2474 710 2536 ipse
744 2489 959 2522 conexus
994 2474 1047 2521 in
1076 2475 1169 2521 hac
1194 2473 1373 2521 saltem
1401 2473 1496 2520 loci
1525 2474 1694 2534 parte,
1711 2487 1839 2534 quae

258 2575 442 2622 magna
475 2574 590 2606 cum
626 2558 848 2620 emphasi
881 2558 1128 2606 efferenda
1162 2559 1264 2615 est,
1300 2558 1450 2605 nimis
1477 2557 1727 2606 invalidus
1762 2556 1838 2603 iu-

259 2647 436 2706 stoque
469 2643 712 2690 infirmior
741 2645 844 2702 est,
874 2643 1006 2705 quod
1034 2658 1124 2691 nec
1143 2642 1432 2705 Spengelius
1450 2656 1550 2689 non
1569 2640 1841 2703 perspexit,

258 2729 345 2791 qui
389 2728 540 2777 verba
582 2728 773 2788 μᾱλλον
810 2735 896 2777 τοῦ
932 2728 1328 2782 ἀποκτείναντος
1362 2727 1461 2787 (vel
1496 2726 1840 2784 πατάξαντος)

258 2815 377 2861 ante
415 2814 595 2874 φονεὺς
628 2815 859 2877 γίγνεται
892 2813 1010 2875 poni
1046 2813 1205 2860 iussit.
1244 2811 1312 2859 Of.
1348 2810 1473 2859 Mus.
1509 2810 1663 2859 Rhen.
1697 2808 1842 2857 XVII

259 2914 369 2961 pag.
419 2898 524 2949 176.
574 2898 667 2947 Sed
700 2899 845 2947 valde
882 2914 1080 2957 vereor,
1116 2899 1176 2945 ut
1210 2898 1331 2945 haec
1359 2896 1643 2944 coniectura
1670 2893 1842 2941 multis

258 2983 481 3045 placeat,
527 2998 641 3031 cum
688 2985 740 3032 et
784 2983 887 3043 ipse
938 2983 1184 3031 transitus
1229 2981 1292 3029 ad
1334 2981 1530 3043 μᾶλλον
1566 2986 1651 3028 τοῦ
1683 2977 1841 3026 πατά-
