2014 3412
1111 321 1171 368 66

366 441 599 490 sitionem
644 458 815 491 eorum
831 481 843 503 ,
890 459 1017 506 quae
1050 443 1268 500 δικαίως
1300 462 1525 509 quaeque
1558 446 1752 504 ἀδίκως
1785 448 1938 512 agun-

363 527 473 585 tur,
518 523 603 575 sed
647 543 831 576 novam
875 529 1010 576 inter
1053 544 1104 576 se
1151 529 1369 578 efficiunt
1404 532 1793 593 oppositionem,
1823 534 1938 580 tum

362 613 474 658 tota
506 612 595 659 illa
628 614 766 661 notio
800 620 889 661 τοῦ
923 613 1115 669 ἀδίκως
1147 615 1389 663 ἀπολέσαι
1422 617 1716 665 obscuratur
1745 619 1797 666 et
1825 632 1939 666 eva-

354 695 528 742 nescit.
571 696 703 744 Nam
748 713 909 759 neque
954 700 1046 747 τὸν
1080 702 1378 748 πιστεύοντα
1410 706 1479 764 τῷ
1515 701 1779 765 πράγματι
1810 717 1936 751 sem-

353 795 440 841 per
483 796 587 830 esse
632 784 722 830 τὸν
767 782 1010 844 δικαίως,
1044 800 1204 847 neque
1239 788 1328 834 τὸν
1369 787 1684 836 ἀπιστοῦντα
1718 795 1829 842 τοῖς
1863 785 1938 835 δι-

353 875 573 921 κασταῖς
617 883 811 930 semper
855 871 946 917 τὸν
990 868 1181 926 ἀδίκως
1227 874 1487 934 agentem,
1529 887 1629 921 non
1664 874 1769 928 est,
1803 872 1936 934 quod

351 951 576 1012 pluribus
605 952 957 1002 demonstrem.
987 955 1068 1002 Ita
1091 956 1275 1003 iniuria
1293 957 1511 1004 Blassius
1528 957 1653 1004 mihi
1670 957 1935 1005 adnotasse

350 1035 575 1092 videtur,
614 1038 767 1085 verba
802 1039 871 1093 ὡς
905 1042 1146 1088 πιστεύων
1180 1047 1249 1102 τῷ
1283 1041 1550 1105 πράγματι
1586 1040 1814 1103 opposita
1831 1055 1935 1088 esse

350 1121 671 1180 sequentibus
715 1123 784 1176 ὡς
826 1123 1116 1182 άπιστήσων
1161 1124 1331 1173 τοῖσδε
1375 1134 1486 1181 τοῖς
1520 1125 1825 1181 δικασταῖς,
1869 1125 1934 1172 ad

352 1204 480 1264 quod
529 1205 770 1266 alterum,
813 1209 944 1269 quod
989 1210 1143 1257 etiam
1188 1225 1277 1272 per
1318 1225 1368 1258 se
1401 1212 1682 1272 spectatum
1729 1209 1934 1257 difficul-

351 1289 474 1336 tatis
516 1291 722 1351 plenum
769 1295 870 1352 est,
916 1294 1262 1354 retinendum,
1297 1295 1400 1342 iam
1431 1311 1552 1357 opus
1588 1296 1698 1343 erat
1732 1295 1933 1342 mutata
2004 1343 2006 1345 .

351 1373 575 1421 codicum
619 1376 854 1425 lectione:
904 1386 1015 1434 τοῖς
1060 1382 1169 1428 τότε
1216 1379 1496 1436 δικασταῖς
1529 1382 1582 1428 in
1616 1378 1787 1428 τοῖσδε
1820 1387 1930 1434 τοῖς
1991 1407 1994 1410 <

352 1453 644 1514 δικασταῖς.
692 1460 761 1507 At
808 1478 870 1510 ne
913 1463 982 1510 sic
1026 1464 1227 1525 quidem
1260 1465 1378 1513 ferri
1413 1480 1553 1527 posse
1586 1465 1786 1512 videtur
1818 1463 1932 1512 ἀπι-

353 1548 574 1602 στήσων,
627 1547 759 1606 quod
810 1548 984 1609 utique
1033 1563 1146 1595 cum
1194 1549 1366 1596 Pahlio
1403 1549 1702 1597 mutandum
1735 1550 1845 1596 erat
1878 1548 1932 1595 in

351 1627 609 1687 οέπιστῶν,
657 1645 755 1690 quo
804 1633 1002 1678 mutato
1047 1633 1203 1679 etiam
1240 1633 1565 1693 requirimus,
1596 1635 1687 1680 aut
1715 1634 1783 1687 ὡς
1817 1632 1929 1681 duc-

348 1718 483 1761 στῶν
501 1720 567 1776 τῷ
586 1715 851 1778 πράγματι
869 1719 959 1764 aut
977 1718 1046 1771 ὡς
1063 1719 1304 1766 πιστεύων
1322 1717 1490 1766 τοῖσδε
1508 1727 1618 1774 τοῖς
1631 1717 1926 1774 δικασταῖς.

349 1797 629 1861 Intellegis,
669 1803 858 1861 quanto
892 1802 1061 1850 labore
1095 1818 1218 1864 opus
1252 1805 1319 1850 sit
1352 1804 1414 1850 ad
1451 1804 1749 1851 servandum
1783 1817 1927 1852 voca-

348 1883 523 1930 bulum
539 1921 550 1942 ,
612 1885 744 1946 quod
806 1887 991 1933 servari
1041 1888 1195 1947 nolit,
1248 1890 1308 1935 ut
1356 1888 1628 1936 rectissime
1678 1888 1927 1950 perspexit

348 1967 591 2030 Sauppius
608 2005 619 2027 ,
649 1984 762 2016 cum
781 1969 953 2018 infelix
971 1971 1095 2018 illud
1114 1973 1323 2020 verbum
1342 1973 1478 2020 abire
1495 1973 1643 2020 iussit
1658 1973 1778 2020 illuc
1795 1972 1926 2020 unde

344 2052 621 2099 infaustum
663 2055 839 2114 pedem
873 2056 1170 2104 sustulisset.
1206 2057 1447 2118 Equidem
1481 2057 1552 2104 sic
1587 2070 1782 2104 censeo:
1821 2071 1926 2104 ma-

345 2136 599 2196 gistellum
618 2139 883 2199 quendam,
902 2140 1173 2188 adductum
1191 2141 1437 2203 particula
1454 2141 1771 2190 adversativa
1781 2141 1926 2199 ἄλλά,

344 2220 613 2269 addidisse:
661 2223 730 2277 ὡς
765 2223 1084 2283 άπιστήσων,
1119 2240 1182 2273 ne
1214 2228 1418 2273 careant
1453 2225 1790 2287 oppositione,
1823 2241 1924 2287 qua

343 2320 464 2366 opus
512 2321 614 2354 esse
660 2309 899 2368 putabat,
946 2310 1295 2357 antecedentia
1328 2311 1440 2359 illa:
1477 2311 1546 2365 ὡς
1579 2312 1822 2358 πιστεύων
1854 2315 1921 2372 τῷ

345 2391 631 2454 πράγματι,
666 2408 794 2453 quae
828 2394 951 2440 mihi
984 2394 1093 2441 ideo
1128 2394 1191 2440 ab
1221 2397 1417 2442 oratore
1448 2395 1643 2442 adiecta
1672 2394 1922 2453 videntur,

348 2477 407 2522 ut
435 2491 523 2536 per
552 2491 610 2523 ea
627 2477 735 2538 ipsa
750 2515 760 2534 ,
779 2478 920 2538 quasi
937 2478 988 2524 in
1007 2479 1291 2539 parenthesi
1309 2479 1564 2536 collocata,
1575 2478 1923 2526 'adversarium

344 2560 518 2607 acerbe
546 2564 598 2608 et
627 2562 754 2609 salse
772 2561 939 2608 laedat
957 2564 1107 2623 atque
1125 2563 1330 2624 pungat.
1350 2562 1443 2609 Sed
1461 2561 1580 2623 quid
1596 2562 1831 2609 nunciam
1848 2562 1920 2609 fa-

342 2643 530 2691 ciemus
546 2646 879 2705 sequentibus,
898 2660 1026 2707 quae
1044 2646 1313 2694 eliminatis
1330 2646 1514 2694 verbis:
1535 2647 1604 2701 ὡς
1617 2646 1920 2705 α’πιστὴσων,

342 2727 517 2786 nimis,
548 2744 700 2789 quam
735 2731 794 2775 ut
829 2730 1026 2791 integra
1059 2731 1275 2792 relinqui
1309 2732 1513 2792 possint,
1550 2733 1751 2778 curtata
1767 2732 1916 2779 sunt‘i

344 2810 613 2873 Sauppius,
661 2829 776 2860 cum
821 2814 1085 2875 legendum
1120 2815 1324 2862 conicit:
1363 2814 1488 2861 άλλά
1522 2814 1918 2875 ἀμφισβήτησιν

342 2897 434 2943 καὶ
463 2897 614 2960 λόγον
643 2899 872 2946 ύπελίπου
898 2899 965 2953 ὡς
984 2898 1082 2946 κάν
1101 2906 1212 2954 τοῖς
1230 2901 1339 2947 τότε
1358 2898 1633 2954 δικασταῖς
1650 2899 1917 2962 ἀμφισβη-

337 2985 525 3041 τήσων,
562 2982 704 3030 valde
738 2998 934 3042 vereor,
969 2998 1058 3038 ne,
1094 2984 1257 3031 locum
1292 3000 1445 3045 quam
1478 2985 1732 3032 lenissima
1750 2986 1913 3031 muta-
