2014 3412
1042 293 1099 349 18

297 425 735 486 cognoscerentur,
780 440 895 473 eum
941 426 1187 474 occidisse.
1235 426 1368 474 Nam
1413 429 1525 474 tum
1571 426 1809 494 postridie
1846 442 1877 475 a

296 522 535 568 praecone
575 511 847 571 utrumque
881 511 1036 558 scelus
1052 547 1063 569 ,
1098 513 1149 558 et
1182 511 1433 559 interfecti
1467 512 1562 560 viri
1595 513 1876 562 innocentis

296 595 348 640 et
391 593 541 653 illud,
588 594 719 656 quod
748 597 875 642 >tum
920 596 1357 655 committebatur,
1404 596 1503 644 toti
1547 597 1660 644 urbi
1707 597 1875 660 palam

286 678 478 726 factum
512 683 653 727 esset.
687 681 757 727 At
789 681 1072 740 videamus,
1100 696 1198 743 quo
1227 682 1429 730 nomine
1457 682 1677 744 appellet
1707 685 1876 732 orator

284 764 397 812 illos
441 765 656 813 nefarios
692 768 743 813 et
773 767 1016 814 scelestos.
1053 766 1332 814 Nimirum:
1369 767 1512 814 ἄλλοι
1540 766 1680 823 τινὲς
1707 769 1875 832 ἕτερόν

286 868 339 896 τι
378 857 608 899 τοιοῦτον
641 858 1063 916 κακουργοῦντες,
1102 852 1154 899 in
1189 852 1368 914 quibus
1404 852 1565 901 verbis
1604 868 1712 902 voc.
1747 869 1875 902 nax-

285 942 585 998 ουργοῦντες
624 936 812 984 indicat
832 973 843 995 ,
877 936 955 995 id,
992 937 1122 998 quod
1158 937 1233 983 illi
1267 936 1410 984 ἄλλοι
1448 940 1588 993 τινές
1624 937 1873 998 facerent,

286 1020 586 1068 maleficium
621 1035 738 1068 esse.
784 1020 892 1068 Hac
927 1022 1130 1069 notione
1166 1022 1271 1069 sola
1301 1022 1350 1068 h.
1370 1022 1401 1069 l.
1435 1037 1558 1084 opus
1589 1025 1690 1081 est,
1716 1023 1791 1071 ita
1816 1023 1877 1070 ut

286 1104 513 1152 additum
542 1106 667 1152 illud
695 1111 924 1154 τοιοῦτον
953 1107 1120 1154 abesse
1150 1106 1330 1167 possit;
1364 1106 1495 1168 quod
1518 1109 1691 1155 tamen
1709 1107 1874 1156 delen-

289 1189 410 1237 dum
455 1206 559 1239 esse
599 1192 895 1239 contendere
931 1207 1031 1240 non
1067 1192 1243 1239 ausim.
1281 1190 1412 1239 Nam
1448 1192 1566 1240 talis
1602 1194 1678 1240 est
1712 1192 1875 1255 graeci

289 1276 532 1323 sermonis
567 1277 813 1336 condicio,
849 1279 906 1324 ut
940 1277 1106 1336 notio,
1133 1292 1261 1338 quae
1290 1291 1404 1324 cum
1433 1277 1483 1325 vi
1514 1277 1762 1325 efferenda
1778 1278 1873 1336 est,

288 1375 389 1408 non
422 1377 522 1409 uno
556 1364 759 1410 tantum
790 1363 1032 1411 vocabulo
1059 1362 1325 1421 reddatur,
1354 1362 1436 1409 sed
1466 1363 1574 1409 tam
1597 1362 1701 1410 alte
1719 1362 1874 1410 etiam

289 1447 452 1495 vicina
495 1448 647 1495 verba
691 1449 948 1509 penetret,
995 1450 1054 1494 ut
1089 1463 1178 1509 pro
1214 1462 1298 1506 eo,
1332 1448 1461 1509 quod
1500 1449 1871 1509 exspectamus,

289 1532 556 1591 vocabulo,
587 1532 804 1594 eligatur
832 1532 967 1579 aliud
984 1569 995 1590 ,
1024 1533 1156 1594 quod
1184 1532 1442 1579 notionem
1472 1531 1613 1578 illam
1640 1531 1691 1578 et
1707 1532 1874 1593 ipsum

289 1616 392 1663 iam
438 1632 556 1678 prae
602 1632 653 1664 se
695 1617 839 1664 ferat.
887 1617 993 1664 Hoc
1038 1616 1538 1686 animaduertendum
1573 1616 1776 1678 putavi,
1811 1631 1875 1665 ne

286 1701 395 1762 quis
441 1702 606 1750 locum
641 1701 704 1748 ad
739 1702 946 1749 verbum
982 1702 1180 1759 vertens
1216 1702 1268 1748 et
1302 1700 1604 1749 adiectivum
1643 1706 1871 1750 τοιοῦτον

290 1787 438 1834 nimis
472 1802 652 1849 urgens
668 1824 679 1845 ,
708 1787 782 1834 ita
814 1787 1107 1848 explicaret,
1138 1789 1195 1834 ut
1226 1787 1435 1834 diceret:
1467 1787 1730 1835 sceleratos
1759 1786 1871 1835 illos

289 1873 578 1933 conspectos
624 1886 729 1919 esse
772 1871 824 1918 in
872 1872 969 1919 alio
1006 1873 1057 1919 et
1091 1871 1291 1932 quidem
1326 1871 1477 1918 simili
1511 1870 1728 1920 facinore
1763 1885 1871 1934 per-

288 1957 556 2018 petrando,
603 1971 666 2004 sc.
712 1957 765 2003 in
800 1956 1020 2004 necando
1055 1956 1271 2004 homine.
1306 1943 1453 2003 Nam
1475 1956 1516 2003 si
1551 1956 1645 2004 hac
1678 1956 1872 2005 ratione

287 2042 671 2103 explicaremus,
712 2041 812 2087 iam
850 2055 995 2102 porro
1029 2041 1201 2102 quaeri
1236 2040 1434 2098 liceret,
1469 2040 1716 2102 quomodo
1747 2040 1871 2088 scire

288 2127 537 2188 potuerit,
583 2125 695 2172 illos
741 2125 966 2172 homines
1013 2126 1235 2186 patrasse
1275 2139 1459 2172 necem.
1508 2124 1606 2184 At,
1642 2122 1871 2186 quamvis

288 2211 381 2258 hoc
425 2225 528 2258 voc.
565 2215 798 2257 τοιοῦτον
831 2209 1215 2270 haudquaquam
1257 2209 1525 2258 delendum
1558 2209 1841 2270 putaverim
1861 2246 1874 2269 ,

286 2299 458 2343 tamen
495 2295 678 2341 mirum
714 2296 815 2353 est,
844 2293 975 2355 quod
1005 2293 1260 2341 omittitur
1289 2293 1440 2339 simili
1467 2293 1600 2352 loco,
1631 2308 1695 2341 sc.
1725 2294 1872 2341 huius

287 2381 585 2443 tetralogiae
629 2382 685 2440 β.
723 2381 751 2439 ἓ
775 2379 830 2438 6,
866 2379 951 2426 ubi
982 2379 1217 2440 legimus:
1254 2378 1305 2426 εἰ
1331 2376 1383 2424 δὲ
1418 2380 1485 2438 μὴ
1521 2378 1610 2425 κατ’
1646 2378 1726 2425 ἐπὶ
1760 2384 1871 2434 τοῖς

291 2465 523 2528 ἱματίοις
568 2464 849 2527 διεφθάρη,
895 2463 997 2510 ἀλλ’
1044 2464 1242 2526 ἑτέρους
1287 2460 1412 2510 ἰδὼν
1460 2462 1580 2510 ἄλλο
1625 2481 1675 2510 τι
1709 2464 1871 2511 κακὸν

289 2559 586 2607 ποιοῦντας,
634 2553 722 2599 ἵνα
769 2552 838 2610 μὴ
883 2551 1104 2611 μηνυτὴς
1148 2555 1236 2597 τοῦ
1275 2532 1868 2612 ἀδικήματοςιγένηται,

290 2639 553 2687 ἀπέθανεν
587 2635 960 2694 ὑπἀύτῶν,τι’ς
992 2633 1121 2692 οἶδε;

353 2724 586 2772 Ceterum
636 2722 717 2769 hic
765 2722 900 2768 locus
950 2721 1116 2768 afferri
1165 2720 1322 2782 possit
1373 2721 1435 2767 ad
1487 2718 1840 2767 stabiliendum
1858 2754 1870 2778 ,

290 2809 421 2881 quod
467 2808 590 2855 mihi
633 2820 897 2868 agnoscere
934 2805 1128 2864 videor,
1163 2805 1370 2852 Graecos
1404 2804 1656 2851 interdum
1692 2804 1870 2866 promi-

289 2909 401 2942 scue
447 2891 728 2940 adhibuisse
773 2889 1130 2952 imperfectum
1176 2891 1227 2936 et
1270 2888 1541 2936 Aoristum.
1579 2887 1702 2935 Cum
1736 2887 1870 2936 enim

287 2980 627 3042 exspectemus
676 2977 971 3038 usurpatam
1013 2989 1116 3022 esse
1160 2974 1224 3021 ad
1267 2962 1586 3021 indicandum
1629 2972 1869 3035 temporis
