2014 3412
1005 283 1070 331 44

234 408 394 456 terno.
439 407 499 454 In
543 408 635 456 hac
680 409 1008 471 explicatione
1024 447 1035 469 ,
1070 424 1224 471 quam
1261 410 1430 458 omnia
1461 411 1640 473 utpote
1673 411 1819 461 unice

235 494 426 540 rectam
476 508 566 541 nos
617 509 884 555 agnoscere
937 496 1149 556 cogunt,
1201 509 1302 542 non
1354 494 1482 542 bene
1530 510 1582 544 se
1631 495 1820 544 habent

233 577 499 624 vocabula:
544 581 723 639 μεῖζόν
769 579 828 625 τὸ
875 579 1140 639 ἐνθύμιον,
1186 593 1275 639 pro
1321 578 1500 640 quibus
1535 579 1704 641 potius
1737 594 1819 628 ex-

234 663 539 722 spectamus:
601 663 856 724 piaculum
909 666 1172 711 aeternum
1188 700 1199 721 ,
1250 664 1504 725 piaculum
1520 699 1532 722 ,
1583 663 1715 724 quod
1762 663 1819 713 in

234 760 381 794 omne
424 748 623 808 tempus
669 748 906 795 manebit.
953 748 1085 806 Hoc,
1132 748 1227 795 nisi
1270 748 1442 806 fallor,
1489 731 1650 795 etiam
1677 749 1788 796 erat
1805 784 1818 807 ,

235 845 323 877 cur
356 830 575 878 Blassius
609 847 698 892 pro
725 835 902 893 μεῖζον
930 833 1218 880 coniecerit:
1250 831 1464 891 ἀείζων,
1483 846 1612 893 quae
1628 832 1818 881 coniec-

233 916 350 961 tura
393 916 501 961 tam
542 916 675 977 quod
714 916 778 963 ad
823 917 1130 964 sententiam
1147 954 1159 976 ,
1205 932 1358 978 quam
1391 917 1524 978 quod
1557 917 1621 963 ad
1654 918 1819 966 artem

211 999 698 1065 *palaeographicam
717 1038 729 1059 ,
779 1003 912 1049 recte
963 1016 1015 1048 se
1063 1001 1237 1060 habet,
1292 1017 1407 1049 cum
1456 1001 1611 1049 etiam
1625 1038 1637 1060 ,
1686 1001 1818 1063 quod

236 1084 487 1145 poeticum
528 1100 646 1146 prae
693 1101 743 1133 se
789 1085 888 1133 fert
933 1086 1174 1144 colorem,
1207 1088 1395 1146 (exstat
1423 1086 1555 1133 enim
1591 1085 1817 1149 Aeschyl.

237 1167 404 1228 Suppl.
451 1167 581 1228 988.)
626 1169 751 1216 bene
783 1170 836 1216 in
870 1169 998 1217 hanc
1032 1171 1233 1218 sanctae
1268 1170 1477 1231 piaeque
1511 1169 1820 1219 reverentiae

236 1251 436 1312 plenam
487 1252 869 1314 descriptionem
912 1254 1139 1314 quadret.
1190 1253 1248 1300 Id
1299 1255 1502 1300 tantum
1536 1253 1821 1316 ingeniosae

238 1339 371 1384 certe
416 1337 593 1384 Blassii
627 1338 964 1386 emendationi
999 1339 1170 1386 obesse
1207 1340 1359 1400 puto,
1394 1338 1525 1400 quod
1558 1353 1664 1386 voc.
1701 1339 1728 1386 ὁ
1762 1336 1819 1387 δὲ

239 1423 499 1484 καθαρός,
546 1421 757 1469 subiecti
786 1437 1007 1470 fmunere
1053 1422 1293 1484 fungens,
1338 1437 1438 1470 non
1473 1422 1668 1484 patitur
1699 1423 1820 1470 arti-

238 1506 408 1553 culum
452 1506 504 1552 in
551 1505 731 1553 verbis:
780 1505 962 1565 ἀείζων
1007 1507 1064 1553 τὸ
1099 1507 1363 1566 ἐνθύμιον.
1402 1505 1632 1554 Conferas
1665 1507 1821 1555 etiam

238 1592 299 1637 Γ.
347 1589 392 1637 ὃ.
441 1592 468 1650 ἓ
502 1590 582 1637 10:
631 1591 658 1638 ὅ
693 1610 742 1638 τε
781 1591 878 1654 γάρ
911 1591 1216 1647 ἀποκτείνας
1250 1593 1427 1640 τούτου
1462 1590 1821 1648 ἀποθανόντος

238 1673 387 1724 οὐδὲν
429 1671 587 1733 ἧσο-,ον
620 1684 730 1730 τοῖς
764 1677 955 1731 αἰτίοις
990 1679 1359 1741 προςτρόπαιος
1394 1677 1540 1724 ἔσται
1573 1692 1619 1738 q.
1658 1691 1694 1723 s.
1730 1675 1818 1724 Le-

239 1763 390 1823 gatur
423 1761 602 1822 igitur:
641 1760 821 1820 ἀείζων
856 1763 1118 1824 ἐνθύμιον.

306 1847 333 1904 ἓ
366 1846 437 1892 10.
485 1846 652 1909 ὀρθῶς
692 1845 747 1894 δὲ
783 1851 886 1894 τῶν
921 1832 1146 1911 ἐλέγχων
1183 1845 1499 1915 ἐλεγχόντων
1532 1846 1622 1894 τὸν
1656 1843 1820 1894 παῖδα

240 1933 495 1989 αὐθέντην
530 1932 683 1991 ὄντα,
718 1933 745 1980 ὁ
776 1934 934 1993 νόμος
967 1933 1198 1981 ἀπολύων
1231 1935 1366 1993 ἡμᾶς
1403 1938 1492 1991 τῆς
1525 1930 1703 1986 αἰτίας
1730 1931 1822 1979 τὸν

239 2017 614 2065 ἀποκτείναντα
658 2018 1067 2079 καταλαμβάνει.
1110 2017 1234 2065 Cum
1265 2017 1374 2064 iure
1407 2016 1577 2063 omnia
1609 2029 1820 2077 puerum

239 2102 317 2149 sui
350 2102 505 2163 ipsius
541 2102 913 2150 interfectorem
949 2117 1053 2150 esse
1086 2100 1419 2163 redarguant,
1454 2101 1560 2158 lex,
1593 2100 1713 2147 dum
1729 2114 1821 2148 nos

241 2187 484 2244 absolvit,
516 2187 894 2235 interemtorem
928 2188 1241 2235 condemnat.
1277 2186 1350 2233 Ut
1378 2186 1455 2233 his
1483 2185 1646 2233 verbis
1674 2199 1821 2232 suum

240 2271 567 2319 restituamus
602 2286 844 2319 conexum
859 2308 870 2330 ,
906 2287 1027 2333 opus
1063 2271 1161 2319 erit
1175 2308 1186 2329 ,
1221 2273 1280 2318 ut
1312 2271 1402 2317 illa
1429 2270 1482 2316 in
1510 2269 1656 2317 initio
1673 2268 1822 2316 collo-

242 2357 358 2403 cata
401 2356 568 2417 ὀρθῶς
611 2353 675 2402 δέ
712 2355 988 2416 postposito
1034 2355 1374 2417 hypostigmes
1407 2354 1546 2415 signo
1579 2367 1610 2399 a
1643 2352 1820 2400 statim

240 2439 655 2500 subsequentibus
688 2439 912 2487 seiuncta
940 2440 1002 2486 ad
1031 2436 1245 2487 verbum’
1270 2437 1665 2498 καταλαμβάνει
1686 2450 1819 2513 spec—

241 2525 351 2570 tare
384 2523 674 2571 indicemus.
709 2523 792 2570 Ita
824 2524 1070 2586 explicata
1101 2523 1352 2572 sententia
1385 2521 1578 2569 nullam
1607 2520 1821 2582 amplius

243 2607 501 2669 praebebit
534 2607 897 2656 difficultatem.

890 2821 1175 2828 ———-
