2014 3412
1038 881 1092 953 I.

338 1063 366 1122 ξ
401 1060 444 1107 3.
482 1058 671 1121 δέομαι
706 1059 899 1123 δ’ὑμῶν
933 1055 971 1110 ὦ
1017 1062 1221 1128 ἄνδρες,
1259 1065 1351 1114 ἐάν
1384 1063 1630 1123 ἀποδείξω
1662 1067 1715 1124 ἐξ
1749 1068 1853 1116 ἐπι-

272 1145 464 1206 βουλῆς
499 1148 590 1195 καὶ
625 1148 910 1211 προβουλῆς
944 1151 1033 1207 τὴν
1067 1151 1257 1198 τούτων
1279 1155 1475 1214 μητέρα
1504 1155 1668 1212 φονέα
1697 1155 1855 1202 οὖσαν

272 1237 361 1280 τοῦ
396 1235 630 1296 ἡμετέρου
666 1237 886 1297 πατρός,
925 1236 1015 1283 καὶ
1050 1237 1117 1296 μὴ
1152 1235 1288 1292 ἅπαξ
1322 1235 1452 1284 αλλοὲ
1485 1236 1729 1292 πολλάκις
1761 1235 1854 1297 ἤδη

270 1317 551 1377 ληφθεῖσαν
596 1320 687 1367 τὸν
725 1319 956 1369 θάνατον
991 1322 1083 1369 τὸν
1117 1322 1311 1369 ἐκείνου
1348 1320 1419 1369 ἐπ’
1454 1323 1732 1386 αὐτοφώρῳ
1763 1341 1853 1384 μη·

270 1407 610 1464 χανωμένην,
657 1413 945 1469 τιμωρῆσαι
989 1413 1186 1477 πρῶτον
1228 1406 1327 1468 μὲν
1373 1416 1484 1463 τοῖς
1526 1410 1711 1468 νόμοις
1744 1415 1856 1463 τοῖς

272 1488 532 1551 ὑμετέροις
577 1505 623 1551 q.
660 1504 696 1536 s.
722 1491 770 1550 ¹).
823 1491 882 1537 In
927 1491 1075 1539 docta
1111 1506 1225 1551 sua,
1262 1508 1414 1554 quam
1450 1492 1510 1540 de
1544 1492 1855 1555 Antiphonte

273 1573 563 1635 conscripsit
614 1574 977 1623 Herwerdenus
1035 1576 1372 1638 disputatione
1430 1577 1629 1636 critica,
1671 1577 1854 1626 Mnem.

271 1658 343 1705 IX
378 1674 488 1721 pag.
529 1659 812 1719 201—209,
848 1661 953 1720 cui,
988 1661 1120 1709 unde
1155 1662 1418 1721 ordiretur,
1453 1662 1604 1725 elegit
1631 1664 1854 1710 nostram

270 1744 638 1806 paragraphum
654 1783 665 1804 ,
695 1746 772 1794 vir
801 1746 1100 1794 clarissimus
1129 1749 1246 1808 post
1273 1747 1449 1795 verba:
1475 1747 1598 1794 ἄλλα
1617 1746 1855 1804 πολλάκις

270 1827 362 1887 ἤδη
384 1829 666 1890 ληφθεῖσαν
693 1831 1063 1893 transponenda
1092 1832 1301 1879 coniecit
1331 1847 1462 1894 seqq.
1485 1834 1851 1896 ἐπάὒτοφώρῳ.

270 1914 336 1960 Et
370 1929 569 1973 revera,
603 1915 712 1976 ipsa
745 1916 937 1964 dicendi
971 1917 1123 1964 ratio:
1160 1917 1454 1978 λαμβάνειν
1482 1918 1603 1966 τινα
1633 1916 1852 1966 ἐπάὒτο-

271 2001 419 2062 φώρῳ
466 2001 575 2046 tam
622 2002 696 2047 est
742 2001 988 2063 vulgaris,
1035 2003 1120 2060 ut,
1168 2002 1209 2049 si
1242 2002 1469 2064 pluribus
1505 2003 1669 2051 verbis
1704 2003 1853 2051 inter-

269 2084 443 2146 positis
488 2100 600 2132 eam
644 2085 943 2148 discerptam
988 2087 1244 2135 videamus
1258 2124 1270 2146 ,
1322 2088 1497 2135 statim
1546 2089 1607 2136 ut
1655 2088 1853 2151 singula

270 2168 514 2216 vocabula
574 2169 681 2217 loco
738 2185 825 2217 suo
876 2171 1202 2219 restituamus
1219 2208 1230 2230 ,
1280 2188 1428 2233 quam
1480 2173 1697 2221 maxime
1741 2187 1852 2235 pro-

268 2253 407 2319 pensi
442 2253 611 2301 simus.
660 2255 838 2316 Itaque
871 2255 974 2302 iam
1009 2258 1128 2303 ante
1163 2256 1553 2304 Herwerdenum
1589 2258 1740 2306 verba
1775 2257 1850 2306 ἐπ’

271 2339 547 2402 αὐτοφώρῳ
584 2340 844 2401 transponi
893 2340 1039 2387 iussit
1085 2339 1365 2399 Lehnerus,
1404 2356 1565 2402 neque
1594 2342 1701 2390 iure
1725 2325 1851 2390 ¹eum

269 2422 454 2472 refellit
495 2424 806 2472 Maetznerus
824 2461 836 2482 ,
876 2425 962 2486 qui
996 2440 1106 2487 pag.
1148 2425 1236 2472 129
1272 2425 1503 2473 editionis
1536 2441 1654 2474 suae
1688 2427 1852 2474 multa

269 2509 494 2570 exempla
539 2523 599 2556 ex
643 2508 968 2570 Antiphontis
1015 2509 1325 2556 orationibus
1372 2510 1617 2571 congessit
1661 2510 1724 2557 ad
1769 2510 1850 2559 de-

269 2593 677 2652 monstrandum,
712 2593 864 2641 verba
899 2594 1183 2654 ληφθεῖσαν
1218 2596 1269 2641 et
1303 2594 1652 2658 ε’πάϋτοφώρῳ
1682 2595 1763 2643 vel
1781 2595 1851 2643 sic

318 2746 355 2794 1)
394 2746 525 2782 Multis
565 2747 674 2782 rebus
714 2747 803 2782 licet
843 2748 1105 2792 praestantior,
1146 2749 1338 2793 multoque
1375 2748 1422 2783 ad
1461 2747 1702 2784 exercendam
1731 2749 1850 2783 artem

268 2805 435 2841 criticam
472 2806 521 2841 sit
553 2806 675 2851 aptior
709 2807 849 2849 editio,
887 2819 999 2852 quam
1036 2807 1181 2842 curavit
1216 2807 1459 2842 Iernstedtius
1495 2807 1721 2853 (Petropoliz
1751 2806 1852 2852 typis

268 2865 480 2900 academiae
521 2876 711 2900 caesareae
749 2866 1009 2907 scientiarum.
1045 2878 1079 2902 a.
1109 2864 1231 2914 1880),
1260 2869 1407 2908 tamen,
1435 2867 1596 2908 veritus,
1624 2877 1670 2902 ne
1695 2865 1732 2900 in
1760 2875 1851 2911 pau-

269 2935 395 2960 corum
421 2924 591 2959 manibus
620 2924 686 2967 sit,
716 2925 818 2961 locos
845 2926 969 2962 citabo
997 2937 1041 2961 ex
1067 2925 1232 2962 editione
1258 2925 1411 2968 Blassii,
1437 2936 1531 2970 quae
1554 2925 1694 2970 prodiit
1707 2924 1851 2970 Lipsiae

270 2984 309 3018 in
336 2983 489 3018 aedibus
515 2983 699 3019 Teubneri
725 2995 760 3019 a.
789 2984 896 3019 1881.
