2014 3412
927 298 989 348 47

224 426 406 477 Orator
455 427 627 489 igitur,
677 426 944 488 postquam
997 423 1126 471 dixit
1141 460 1153 483 ‚
1197 423 1390 486 legibus
1438 426 1491 471 et
1537 424 1758 472 moribus

158 515 422 576 receptum
456 526 560 561 esse
576 550 587 567 ,
623 513 684 559 ut
717 512 1028 559 accusatores
1063 525 1156 557 sua
1191 523 1493 571 magnopere
1521 508 1762 557 interesse

159 599 369 663 putent,
416 598 471 645 in
515 597 701 653 causis,
745 611 874 659 quae
919 597 979 644 de
1015 595 1164 644 caede
1200 596 1347 652 fiant,
1385 594 1556 642 omnia
1589 609 1762 642 secun-

161 685 283 732 dum
315 683 393 732 ius
428 685 481 732 et
513 683 588 731 fas
622 682 730 731 fieri
745 720 756 738 ‚
792 682 845 729 id
880 681 1107 730 oratione
1141 695 1230 743 per
1263 680 1541 743 particulas
1561 699 1612 728 τε
1632 709 1692 716 --
1712 699 1762 728 τε

158 769 401 832 bipertita
417 805 428 824 ,
452 768 736 816 accuratius
759 765 1206 816 demonstrandum
1232 765 1465 828 suscepit.
1501 765 1575 813 Ut
1591 766 1760 813 hacte-

158 869 254 902 nus
289 854 460 902 omnia
486 855 621 902 recte
652 852 957 915 procedunt,
987 852 1063 900 ita
1090 851 1282 899 frustra
1311 851 1413 898 iam
1443 851 1732 913 quaerimus
1751 888 1763 906 ‚

157 938 409 1002 quomodo
444 937 745 1000 paragraphi
775 939 988 999 quartae
1017 936 1171 985 verba
1201 951 1315 984 cum
1345 936 1408 983 iis
1423 973 1434 995 ,
1463 951 1592 998 quae
1621 950 1765 998 prae-

159 1024 345 1074 cedunt
372 1025 400 1084 ξ
430 1023 488 1083 3,
523 1026 643 1085 (quo
679 1024 738 1071 ut
773 1022 1076 1078 referamUS‚
1112 1037 1204 1070 nos
1239 1022 1374 1084 cogit
1406 1021 1657 1084 particula
1692 1023 1764 1082 τε)

158 1109 476 1159 cohaereant.
532 1107 665 1156 Nam
715 1124 800 1168 ea,
846 1123 976 1170 quae
1012 1109 1040 1168 ἓ
1075 1112 1103 1155 3
1140 1109 1341 1155 exstant
1356 1144 1368 1166 ,
1401 1108 1759 1156 tantummodo

155 1195 355 1258 prolata
387 1196 535 1251 sunt,
573 1196 633 1242 ut
665 1194 728 1242 iis
763 1194 1174 1242 demonstrentur
1213 1193 1576 1242 antecedentia.
1629 1193 1762 1242 Hinc

156 1282 332 1329 autem
378 1282 616 1342 apparet,
663 1279 863 1327 nullum
897 1279 1067 1329 locum
1103 1293 1207 1327 esse
1243 1279 1271 1339 g
1305 1280 1333 1326 3
1368 1279 1645 1342 particulae
1681 1300 1759 1337 τε,

156 1365 243 1415 sed
287 1365 433 1414 unice
477 1368 616 1414 recte
661 1381 714 1414 se
754 1365 939 1414 habere
974 1381 1086 1414 eam
1121 1365 1352 1414 voculam
1369 1403 1381 1425 ‚
1416 1382 1570 1429 quam
1605 1366 1760 1430 Saup-

157 1451 299 1515 pium
346 1452 505 1501 secuti
551 1452 855 1500 recentiores
902 1451 1119 1500 editores
1154 1451 1350 1510 delent,
1387 1453 1490 1500 scil.
1527 1453 1640 1517 γάρ.
1697 1454 1762 1501 At

157 1537 200 1586 si
244 1538 374 1586 hanc
418 1538 692 1587 lectionem
739 1538 1039 1600 probamus,
1088 1553 1189 1586 non
1225 1538 1444 1600 amplius
1479 1554 1531 1587 se
1567 1542 1762 1587 susten—

157 1624 271 1672 tare
314 1623 452 1672 valet
499 1637 710 1685 sequens
750 1625 879 1686 part.
919 1642 970 1672 τε
985 1660 997 1683 ,
1031 1638 1160 1686 quae
1176 1662 1187 1679 ,
1224 1639 1323 1686 quo
1358 1624 1622 1685 referatur,
1656 1626 1760 1673 iam

158 1723 261 1756 non
309 1708 532 1757 habebit.
586 1708 694 1757 Nec
745 1709 950 1757 omnino
1003 1708 1413 1757 antecedentibus
1465 1725 1552 1772 per
1602 1711 1760 1774 talem

157 1793 464 1857 particulam
509 1794 851 1843 connectenda
899 1796 1020 1842 sunt
1036 1831 1048 1854 ,
1094 1809 1223 1858 quae
1272 1796 1299 1856 g
1345 1794 1376 1841 4
1426 1795 1759 1856 subiciuntur,

158 1879 244 1929 sed
289 1879 604 1929 adversative
651 1879 820 1943 potius
866 1880 935 1928 eis
981 1880 1277 1943 opponenda
1311 1883 1474 1930 erunt.
1527 1881 1599 1930 Ob
1632 1865 1785 1931 hanc·

160 1979 364 2014 causam
409 1981 500 2029 ego
543 1966 761 2014 libenter
804 1967 981 2014 auctor
1025 1981 1164 2024 sum,
1200 1968 1261 2014 ut
1295 1968 1348 2015 et
1379 1966 1528 2015 initio
1563 1969 1590 2028 ἓ
1628 1970 1656 2015 3
1692 1969 1760 2017 le-

160 2053 335 2115 gatur:
386 2053 415 2101 ὁ
461 2052 582 2117 γάρ
617 2052 902 2101 ἀποθανών
947 2054 1000 2100 et
1033 2053 1061 2112 ἓ
1096 2051 1127 2098 4
1160 2067 1249 2115 pro
1284 2056 1426 2114 ἡμεῖς
1461 2072 1510 2100 τε
1545 2056 1757 2115 quanto-

161 2137 266 2186 cius
307 2138 636 2186 restituatur:
683 2142 828 2198 ἡμεῖς
874 2136 906 2186 δ
919 2141 955 2186 ε’.
1003 2137 1359 2201 Unusquisque
1374 2180 1386 2198 ,
1433 2140 1620 2188 satisne
1668 2140 1762 2188 sibi

161 2223 287 2272 haec
336 2224 578 2273 correctio
623 2225 849 2288 placeat,
901 2224 1007 2287 ipse
1058 2224 1323 2273 diiudicet:
1371 2226 1600 2288 equidem
1647 2242 1760 2275 eam

161 2324 263 2358 non
296 2309 443 2359 facile
474 2310 705 2359 abiciam.
1148 2293 1159 2303 ’

230 2398 259 2458 ἓ
303 2396 345 2443 2.
391 2396 421 2445 ὅ
466 2416 516 2444 τε
562 2396 662 2462 γάρ
705 2394 827 2452 θεὸς
864 2424 925 2431 -
960 2399 1182 2461 τροφέας
1217 2416 1267 2445 τε
1301 2398 1391 2446 καὶ
1429 2398 1519 2460 (Sic
1552 2398 1762 2460 codices)

164 2479 423 2546 παρέδωκε
464 2484 556 2542 τὴν
601 2491 695 2548 γῆν
740 2483 830 2530 καὶ
877 2484 967 2541 τὴν
1004 2482 1284 2531 θάλασσαν
1318 2499 1364 2546 q.
1384 2499 1421 2531 s.
1475 2483 1665 2543 Nemo,
1701 2487 1761 2533 ut

163 2568 311 2630 puto,
347 2568 494 2617 hodie
528 2570 631 2625 est,
667 2568 754 2631 qui
789 2569 1016 2626 dubitet,
1051 2569 1174 2630 quin
1208 2569 1261 2616 in
1292 2569 1518 2617 codicum
1546 2569 1762 2618 lectione

163 2651 349 2701 Vitium
382 2653 569 2709 lateat,
605 2668 721 2702 cum
748 2653 802 2701 in
832 2654 1018 2702 verbis:
1050 2655 1275 2719 τροφέας
1306 2674 1357 2703 τε
1386 2657 1480 2703 καὶ
1509 2655 1764 2719 παρέδωκε
1834 2645 1836 2647 ¹

165 2738 330 2787 altera
362 2739 540 2802 utique
572 2740 822 2803 particula
856 2739 1094 2788 abundet.
1146 2740 1252 2789 Nec
1285 2743 1459 2790 tamen
1488 2742 1763 2791 Maetzneri

164 2826 566 2887 ceterorumque,
601 2825 688 2887 qui
723 2825 902 2874 vocula
935 2826 1035 2873 καί
1060 2825 1271 2874 delenda
1304 2826 1653 2876 difficultatem
1686 2843 1760 2877 re·

165 2923 367 2958 movere
411 2909 717 2958 studuerunt
731 2948 743 2966 ,
790 2910 991 2959 criticae
1030 2910 1331 2960 exercendae
1363 2912 1615 2961 rationem
1650 2929 1763 2975 pro-

163 2993 352 3053 barim,
387 3009 503 3042 cum
537 2995 680 3043 nulla
712 2995 921 3043 indicari
955 2995 1115 3058 possit
1149 3011 1300 3044 causa
1313 3034 1325 3053 ‚
1361 3012 1450 3045 cur
1484 2998 1607 3046 haec
1648 3014 1761 3060 par-
