2014 3412
982 282 1071 330 109

220 407 375 456 verba
408 409 470 456 ut
504 408 813 470 interpolata
848 407 1230 456 condemnanda
1264 407 1480 466 iudicat;
1516 409 1597 456 cui
1627 411 1819 457 obtem-

219 492 496 555 perandum
533 507 640 542 esse
673 508 775 541 non
809 495 948 555 puto.
985 492 1119 540 Nam
1152 493 1232 541 fac
1250 531 1262 549 ‚
1293 493 1635 555 magistellum
1666 510 1821 556 quen-

218 577 338 626 dam
389 578 448 626 V.
496 578 606 640 §84
652 579 922 627 addidisse:
969 579 1111 643 ὑμᾶς
1155 580 1430 639 κελεύουσι,
1478 579 1598 641 quid
1645 582 1820 627 autem

218 678 336 713 eum
381 679 584 713 movere
628 666 829 726 poterat
843 701 855 723 ,
902 667 961 712 ut
995 667 1168 712 nostro
1202 665 1311 713 1000
1347 664 1654 712 adscriberet
1689 665 1822 727 quod

218 763 366 797 sensu
421 763 618 797 cassum
665 749 826 797 esset&
873 749 970 808 At,
1017 750 1199 797 dixerit
1245 750 1495 812 quispiam
1514 788 1525 809 ,
1573 765 1689 798 cum
1735 750 1822 798 ille

217 833 359 883 locus
393 834 497 881 iam
530 834 868 896 interpolatus
903 836 1058 891 esset,
1094 835 1223 882 alius
1261 835 1577 896 magistellus
1612 837 1822 896 putave-

211 919 311 977 rit,
355 919 518 968 simile
561 919 681 981 quid
725 919 823 967 huc
869 935 972 968 esse
1019 919 1318 968 addendum.
1368 918 1462 967 Sed
1509 922 1622 967 tum
1671 919 1823 968 miros

215 1014 306 1054 nos
351 1004 505 1054 habet
519 1042 530 1064 ,
576 1020 665 1053 cur
708 1005 977 1054 inseruerit
1023 1005 1234 1054 verbum
1269 1004 1639 1066 ineptissimum
1655 1042 1667 1064 ,
1704 1020 1819 1053 cum

213 1091 268 1139 et
329 1090 456 1138 nihil
510 1090 806 1153 impediret,
859 1091 1130 1152 quominus
1181 1105 1289 1138 voc.
1342 1090 1628 1138 κελεύουσιν
1678 1089 1819 1137 illinc

214 1177 564 1235 mutuaretur,
609 1178 662 1223 et
704 1175 1097 1223 semidoctorum
1132 1174 1483 1222 additamenta
1516 1175 1676 1222 nimia
1710 1190 1817 1237 per·

213 1261 486 1324 spicuitate
505 1298 517 1320 ,
562 1276 663 1309 non
700 1275 785 1319 eo,
820 1261 954 1322 quod
989 1260 1272 1308 orationem
1307 1260 1443 1308 iusto
1481 1261 1819 1309 obscuriorem

213 1347 428 1407 faciant,
474 1347 677 1410 agnosci
723 1347 933 1395 soleant.
986 1346 1077 1393 His
1111 1348 1372 1408 permotus
1407 1347 1613 1395 omnino
1650 1362 1815 1395 assen-

212 1432 314 1481 tior
356 1432 571 1491 Gobet0,
615 1447 723 1481 voc.
773 1431 1119 1481 διδάσκουσιν
1166 1435 1462 1494 corruptum
1507 1448 1607 1481 non
1643 1436 1818 1482 autem

213 1517 579 1581 interpolatum
611 1517 871 1565 iudicanti.
910 1517 1016 1566 Nec
1047 1520 1222 1566 tamen
1257 1533 1381 1580 opus
1416 1520 1516 1577 est,
1552 1519 1613 1565 ut
1641 1519 1818 1567 statim

213 1617 514 1666 reponamus
559 1603 843 1652 κελεύουσιν
857 1641 869 1662 ,
915 1619 1035 1651 nam
1071 1604 1158 1651 ubi
1193 1603 1314 1665 quid
1351 1606 1590 1651 narratur
1623 1604 1788 1652 verbis
1805 1641 1817 1663 ,

215 1689 459 1752 superiori
505 1689 704 1738 cuidam
750 1689 861 1738 loco
908 1689 1181 1748 similibus,
1230 1704 1331 1737 non
1378 1689 1552 1738 eadem
1589 1705 1819 1752 semper,

213 1789 344 1837 quae
393 1777 547 1824 ant-ea
596 1775 825 1822 adhibita
875 1777 995 1822 sunt
1045 1775 1290 1823 vocabula
1341 1777 1680 1837 usurpantur,
1733 1775 1819 1823 sed

213 1859 296 1909 hic
345 1859 450 1909 illic
499 1862 552 1909 et
600 1861 703 1908 alia
753 1860 978 1909 eiusdem
1028 1860 1249 1908 notionis
1294 1860 1432 1908 dicta
1466 1861 1812 1909 inveniuntur.

213 1945 396 2008 Itaque
451 1946 772 1996 verisimilius
818 1946 946 1994 duco
961 1983 973 2004 ,
1019 1961 1109 2008 pro
1156 1946 1431 2008 depravato
1478 1928 1817 1995 διδάσκουσιν

214 2031 558 2094 reponendum
593 2047 699 2080 esse
734 2032 838 2080 sive
867 2031 1002 2094 quod
1037 2031 1381 2079 Bohlmannus
1418 2034 1702 2094 proposuit:
1741 2033 1816 2081 δι-

216 2123 483 2177 καιοῦσιν,
519 2117 623 2167 sive
658 2118 710 2165 in
746 2117 880 2180 quod
915 2132 1007 2180 ego
1042 2116 1217 2165 incidi:
1256 2117 1510 2174 ἀξιοῦσιν.

281 2203 406 2264 540.
456 2232 518 2239 -
564 2205 691 2252 ὥστε
739 2203 910 2252 δεινὸν
957 2202 1114 2261 δόξαι
1153 2200 1291 2252 εἶναι
1327 2211 1384 2265 τῇ
1420 2203 1615 2266 βουλῇ,
1650 2204 1818 2266 ἐπειδὴ

215 2308 307 2350 μοι
359 2290 569 2340 ἐπύθετο
610 2293 967 2355 προειρημένον
1007 2292 1272 2362 εἴργεσθιιι
1308 2295 1414 2338 τῶν
1447 2308 1687 2352 νομιμων
1722 2293 1820 2340 ὑπὸ

216 2378 434 2433 τούτων,
485 2378 574 2433 οὓς
625 2377 790 2441 ἑώρων
839 2396 933 2437 μοι
984 2383 1040 2438 τῇ
1091 2377 1362 2440 προτεραίᾳ
1415 2379 1674 2434 συνόντας
1725 2380 1818 2427 καὶ

217 2461 627 2528 διαλεγομένους.
663 2463 796 2512 Scire
832 2463 1008 2522 velim,
1042 2462 1162 2524 quid
1196 2453 1413 2510 editores
1442 2463 1729 2524 impulerit,
1760 2467 1819 2512 ut

215 2550 385 2611 spreta
419 2549 697 2612 Crippsiani
725 2549 1031 2596 auctoritate
1046 2585 1057 2607 ,
1090 2547 1421 2595 Oxoniensem
1438 2549 1597 2596 secuti
1615 2549 1815 2612 legant:

219 2633 385 2698 ἑώρων
428 2649 520 2697 pro
562 2634 752 2693 forma,
799 2633 1125 2682 insolentiore
1171 2647 1230 2680 ea
1275 2632 1479 2694 quidem
1516 2634 1600 2682 sed
1637 2650 1668 2681 a
1701 2635 1817 2682 fide-

215 2719 341 2768 liore
385 2720 562 2782 utique
607 2719 773 2768 codice
818 2719 1034 2767 tradita:
1086 2719 1231 2782 ἑώρα.
1282 2717 1417 2765 Nam
1454 2719 1548 2767 etsi
1583 2720 1816 2781 equidem

217 2819 318 2854 non
353 2805 528 2868 ignoro
544 2841 556 2864 ‚
589 2821 620 2852 a
655 2804 980 2867 scriptoribus
1015 2806 1131 2866 post
1166 2804 1293 2851 talia
1328 2804 1599 2863 vocabula,
1634 2806 1818 2867 quibus

217 2890 358 2938 notio
410 2890 754 2938 multitudinis
805 2890 955 2948 insit,
1008 2892 1087 2951 (ut
1140 2890 1190 2936 h.
1208 2890 1241 2937 1.
1294 2889 1477 2951 βουλή)
1513 2891 1724 2939 verbum
1758 2907 1816 2940 eo

216 2975 471 3038 pertinens
529 2975 815 3037 saepissime
860 2975 980 3037 poni
1027 2976 1079 3022 in
1127 2990 1338 3024 numero
1384 2976 1594 3038 plurali,
1642 2979 1817 3026 tamen
