2014 3412
1050 261 1088 337 8,

189 464 191 466 ,
264 415 538 479 Crippsiani
588 417 834 479 scriptura
883 419 1144 479 tamquam
1190 415 1474 464 firmissimo
1520 416 1846 466 fundamento

264 501 414 548 inniti
475 517 763 563 possumus,
825 517 924 549 non
987 501 1153 560 decet,
1212 500 1347 548 hunc
1404 501 1590 548 librum
1649 516 1845 564 semper

265 586 313 632 in
378 587 607 633 omnibus
658 587 889 648 postponi
951 586 1129 634 codicis
1185 584 1233 632 N
1285 585 1591 632 auctoritati.
1651 585 1709 633 Id
1757 585 1846 652 igi,-

265 673 350 718 tur
394 685 589 718 censeo:
638 671 844 733 singulis
889 671 1006 718 locis
1051 685 1150 718 non
1190 668 1335 716 anxie
1369 669 1708 730 quaerendum
1743 677 1847 719 esse

266 755 385 816 quid
436 755 539 803 sive
586 755 630 802 A
676 756 779 803 sive
824 753 870 801 N
915 755 1151 816 praebeat
1195 754 1345 812 liber,
1395 755 1454 801 ut
1498 753 1604 801 eius
1644 754 1848 803 lectioni

268 855 463 901 semper
508 840 651 887 cedat
696 840 745 886 id
793 839 924 900 quod
967 839 1096 886 alter
1142 839 1295 886 codex
1337 838 1521 897 tradit,
1568 838 1651 887 sed
1684 838 1847 887 ubivis

267 923 530 985 diligenter
564 924 729 986 potius
764 923 1149 971 examinandum
1179 937 1308 981 esse,
1337 922 1456 984 quid
1487 924 1600 971 tota
1627 922 1849 984 postulet

268 1008 529 1055 sententia.
578 1008 716 1055 Licet
761 1023 876 1070 ergo
923 1007 1060 1054 libris
1095 1006 1141 1054 A
1177 1009 1229 1054 et
1262 1006 1311 1054 N
1347 1022 1518 1068 parem
1565 1007 1666 1055 fere
1703 1006 1847 1055 attri-

268 1092 420 1139 buam
459 1093 813 1141 auctoritatem
831 1131 842 1148 ‚
879 1095 1051 1139 tamen
1085 1092 1138 1138 in
1174 1092 1462 1140 universum
1497 1092 1599 1140 cod.
1639 1090 1850 1154 Crippsi-

268 1191 422 1223 anum
452 1178 613 1225 multo
642 1177 914 1225 fideliorem
939 1177 1115 1224 ducem
1143 1176 1451 1238 appellarim.
1482 1176 1540 1223 Id
1557 1176 1691 1225 enim
1710 1190 1850 1238 prae·

268 1263 346 1309 ter
379 1277 486 1322 eos,
520 1277 642 1324 quos
676 1277 824 1323 supra
853 1261 1054 1309 laudavi
1084 1262 1244 1317 locos,
1272 1263 1494 1309 sescenta
1510 1261 1610 1308 alia
1626 1260 1853 1323 exempla

268 1346 485 1407 probant
518 1348 570 1394 et
602 1348 869 1393 testantur.
901 1345 1086 1392 Parum
1115 1345 1272 1408 igitur
1298 1345 1563 1407 perspicio,
1595 1355 1682 1393 cur
1711 1359 1851 1407 saga-

268 1431 493 1478 cissimus
532 1431 869 1479 Jernstedtius
904 1445 1106 1492 operam
1141 1413 1343 1491 quidem
1377 1429 1593 1489 dederit,
1629 1431 1688 1478 ut
1721 1428 1852 1477 anti-

269 1516 506 1577 quissima
550 1515 864 1577 eloquentiae
908 1514 1095 1562 atticae
1138 1515 1466 1561 monumenta
1499 1514 1553 1560 in
1586 1514 1853 1562 verborum

270 1615 466 1662 quoque
517 1599 710 1658 formis,
762 1598 925 1660 quoad
972 1598 1076 1646 eius
1125 1598 1232 1646 fieri
1272 1599 1464 1660 posset,
1509 1612 1626 1646 suae
1672 1597 1853 1647 aetatis

271 1685 483 1747 speciem
522 1685 874 1746 recuperarent
910 1683 989 1742 (cf.
1024 1682 1232 1744 praefat.
1269 1697 1381 1745 pag.
1418 1681 1655 1746 XXXIX)
1671 1719 1683 1743 ,
1721 1684 1852 1731 atta-

271 1785 387 1817 men
421 1769 526 1817 eius
561 1769 738 1817 codicis
772 1768 1066 1816 auctoritati
1099 1768 1373 1827 obtrectet,
1407 1769 1494 1830 qui
1521 1769 1647 1816 talia
1673 1767 1852 1830 saepis-

270 1854 393 1902 sime
426 1853 751 1916 integerrima
783 1853 1033 1915 praebeat.
1069 1853 1324 1901 Eiusmodi
1359 1854 1502 1900 sunt:

347 1939 386 1986 I.
489 1997 493 1999 ⁴
537 1937 667 1998 §141
705 1937 955 2001 κάγαθός.

336 2026 395 2071 Α.
432 2023 486 2085 β.
534 2023 667 2083 §122
703 2021 975 2071 τάναντία.

348 2107 387 2155 Ι.
536 2110 564 2168 g
587 2107 670 2155 18:
706 2105 1031 2156 τ’ἐποιοῦντο.

337 2192 395 2239 V.
539 2194 567 2252 ἓ
618 2192 669 2239 5:
708 2192 766 2238 τὸ
801 2190 1015 2256 δ’ἔργον.

536 2276 668 2338 §172
704 2275 888 2325 πώποτ’
924 2275 1089 2335 ἐδέθη.

533 2361 665 2421 ἓ42ε
700 2370 810 2417 τοῖς
844 2360 988 2410 δ’ἐπί.

530 2447 662 2508 §45:
698 2447 762 2494 τά
795 2445 909 2495 τ’ἐν.

523 2532 655 2593 560:
692 2530 800 2580 οὐδ’
837 2534 1045 2580 ἐκεῖνον.

528 2618 662 2678 §271
698 2615 952 2679 οὗθάἶμα
989 2615 1091 2666 οὔτ’
1125 2613 1261 2666 ἄλλο’.

527 2702 659 2764 §582
697 2703 804 2750 ἀλλ’
841 2702 1006 2752 οὐδέν.

338 2791 399 2836 Γ.
436 2805 479 2852 γ.
526 2789 554 2849 ἓ
608 2788 659 2835 l:
694 2781 865 2836 τᾶλλα.

339 2873 398 2920 V.
532 2872 665 2933 §242
703 2866 835 2919 τᾶλλ’
872 2871 1080 2935 ἀνήγετο
1114 2873 1186 2933 (Ν
1190 2887 1199 2920 :
1236 2872 1430 2931 τᾶλλα).

535 2958 667 3019 ἓ88ῑ
703 2951 835 3006 τᾶλλ’
875 2959 1039 3007 ὁπόσα
1075 2960 1146 3017 (N
1153 2972 1163 3004 ε
1199 2957 1356 3006 τᾶλλα
1391 2959 1523 3021 ὅσα).
