2014 3412
1041 271 1101 320 98

284 398 658 460 perspexeritis»,
702 398 951 447 Herodem
996 414 1096 447 non
1138 414 1169 446 a
1217 414 1297 447 me
1341 400 1555 448 occisum
1591 414 1719 460 esse,
1754 415 1864 449 sero

281 482 611 545 intellegetiS,
655 499 737 532 me
781 484 952 531 sceleri
997 484 1266 531 obnoxium
1309 499 1410 532 non
1456 484 1632 541 fuisse,
1677 499 1864 547 vosque

281 567 582 627 poenitebit,
629 568 760 629 quod
804 583 903 616 non
945 564 997 616 εὖ
1044 568 1415 628 ἐβουλεύσασθε
1451 569 1535 616 sed
1571 571 1676 630 μετ’
1712 569 1862 633 ὀργῆς

275 651 365 698 καὶ
410 649 675 711 διαβολῆς.
723 652 954 714 Tempori
999 652 1156 714 igitur
1189 652 1378 714 aliquid
1411 652 1555 712 date,
1591 668 1654 701 ne
1686 655 1862 715 postea

273 736 412 784 vobis
456 737 709 784 sententia
755 737 999 784 mutanda
1045 737 1112 784 sit
1157 739 1209 784 et
1253 737 1455 798 quidem
1489 737 1564 784 ita
1591 737 1835 785 mutanda
1850 773 1862 796 ,

269 822 330 867 ut
374 835 459 869 vos
506 836 586 869 me
619 822 873 869 insontem
909 821 1262 869 condemnasse
1298 821 1651 868 confiteamini.
1687 821 1858 869 Confe-

269 919 351 951 ras
382 905 685 952 sententiam
726 905 941 953 similem
975 907 1035 952 A.
1067 904 1111 952 δ.
1143 905 1244 964 ἓ2ε
1276 911 1439 953 ταῦτα
1468 903 1561 954 οἷν
1579 906 1859 975 σεβόμενοι

273 988 424 1044 ὁσίως
459 990 548 1037 καὶ
583 987 805 1045 δικαίως
841 989 1083 1038 ἀπολύετέ
1108 1008 1195 1052 με,
1233 991 1324 1037 καὶ
1358 992 1427 1050 μὴ
1453 997 1860 1052 μετανοήσαντες

271 1076 361 1133 τὴν
412 1074 678 1139 ἁμαρτίαν
731 1081 913 1139 γνῶτε·
967 1073 1186 1130 ἀνίατος
1238 1075 1332 1138 γαρ
1382 1078 1409 1133 ἡ
1459 1076 1704 1136 μετάνοια
1754 1080 1858 1124 τῶν

274 1161 513 1208 τοιούτων
548 1161 690 1208 ἐστίν
724 1162 775 1208 et
813 1160 869 1207 V.
903 1160 1034 1219 591:
1070 1160 1123 1207 ἐν
1152 1158 1207 1207 δὲ
1240 1168 1349 1215 τοῖς
1379 1159 1680 1218 ἀνηκέστοις
1708 1160 1859 1210 πλέον

273 1245 482 1307 βλάβος
526 1247 585 1294 τὸ
633 1253 899 1307 μετανοεῖν
943 1246 1034 1293 καὶ
1070 1250 1269 1309 γνῶναι
1306 1248 1734 1308 ἐξημαρτηκότας.
1771 1245 1856 1294 Ce-

269 1333 464 1389 terum,
511 1331 552 1378 si
597 1332 706 1393 quis
752 1346 856 1380 voe.
904 1339 1050 1380 τοῦτο
1085 1332 1238 1379 deleri
1273 1348 1425 1394 quam
1459 1322 1648 1380 mutari
1684 1332 1858 1391 malit,

273 1417 503 1478 equidem
538 1431 640 1464 non
674 1417 818 1465 valde
851 1417 1152 1479 refragabor.

336 1501 457 1560 §72
495 1501 696 1549 Codices
728 1502 973 1550 tradunt:
1003 1505 1063 1551 οὐ
1101 1504 1198 1566 γάρ
1227 1504 1369 1551 ἔστιν
1398 1504 1424 1550 ὃ
1452 1523 1504 1550 τι
1529 1503 1855 1567 ὀργιζόμενος

273 1586 547 1649 ἄνθρωπος
582 1586 650 1634 ἂν
678 1587 836 1650 γνοίη·
875 1587 1000 1635 αὐτὸ
1034 1588 1132 1652 γάρ
1166 1582 1203 1651 ᾧ
1238 1589 1567 1649 βουλεύεται,
1603 1590 1694 1647 τὴν
1731 1590 1856 1654 γνώ-

272 1689 375 1732 μην
411 1670 705 1735 διαφθείρει
741 1678 826 1720 τοῦ
861 1671 1148 1734 ἀνθρώπου.
1185 1673 1400 1721 Facilem
1436 1676 1588 1735 atque
1621 1675 1852 1735 paratam

268 1757 364 1804 viri
397 1757 531 1804 docti
564 1757 639 1804 his
674 1757 836 1805 verbis
871 1758 973 1804 iam
1009 1758 1344 1805 adhibuerunt
1380 1758 1700 1817 medicinam,
1736 1773 1851 1806 cum

271 1842 542 1889 secundum
589 1841 789 1889 Stobaei
823 1841 928 1889 flor.
966 1842 1074 1889 XX.
1111 1841 1200 1897 44,
1236 1842 1322 1889 ubi
1356 1842 1436 1889 hic
1468 1843 1603 1890 locus
1638 1842 1851 1898 citatur,

207 1986 209 1988 q
269 1928 320 1974 et
354 1929 472 1975 ante
507 1927 839 1991 ὀργιζόμενος
867 1927 1223 1988 suppleverunt
1251 1927 1550 1988 particulam
1579 1926 1649 1974 ἄν
1665 1928 1718 1973 et
1733 1927 1853 1974 ante

268 2013 415 2075 γνοίη
450 2027 539 2073 pro
570 2011 794 2058 codicum
821 2011 1034 2059 lectione
1063 2011 1129 2058 ἄν
1158 2011 1528 2058 substituerunt
1550 2011 1850 2059 vocabulum

266 2092 331 2144 ε’ὗ.
380 2096 508 2143 Huic
553 2096 847 2143 correctioni
887 2110 976 2157 ego
1021 2096 1236 2143 libenter
1272 2095 1554 2154 subscribo,
1588 2095 1684 2141 nisi
1717 2095 1849 2156 quod

266 2181 565 2242 particulam
601 2179 669 2228 ἄν
701 2194 802 2226 non
837 2181 955 2226 ante
991 2179 1076 2226 sed
1111 2179 1277 2240 potius
1313 2181 1425 2240 post
1453 2193 1557 2227 voc.
1595 2180 1848 2243 ὀργιζόμε-

266 2280 357 2319 νος
389 2264 698 2311 inseruerim.
735 2263 810 2310 Ibi
845 2265 977 2311 certe
1006 2265 1057 2310 et
1086 2265 1405 2324 exspectatur
1432 2274 1484 2311 et
1510 2263 1657 2312 facile
1680 2265 1848 2326 potuit

265 2348 499 2397 excidere.
537 2348 676 2404 Quod
711 2349 882 2394 autem
919 2348 981 2394 ad
1017 2348 1301 2409 sequentia,
1338 2363 1465 2409 quae
1499 2348 1633 2395 haud
1667 2363 1847 2410 paucas

264 2434 525 2481 continent
569 2432 914 2489 difficultates,
955 2446 1013 2478 ea
1056 2431 1281 2479 Reiskius
1326 2432 1417 2479 ita·
1434 2431 1727 2493 explicavit,
1762 2434 1823 2479 ut
1837 2468 1848 2490 ,

268 2517 388 2578 quid
422 2517 473 2564 in
507 2518 601 2564 hoc
633 2517 743 2564 loco
778 2515 1085 2563 emendando
1120 2516 1258 2577 sequi
1293 2516 1586 2574 debeamus,
1620 2515 1846 2578 suppedi-

267 2602 345 2648 tet
379 2601 519 2648 nobis
553 2601 659 2648 eius
693 2599 967 2647 adnotatio.
1004 2599 1244 2655 Observat
1280 2600 1412 2647 enim
1428 2637 1439 2659 ,
1476 2601 1626 2648 verba
1656 2595 1695 2662 ᾧ
1722 2601 1846 2662 βου-

264 2684 451 2732 λεύεται
486 2685 653 2733 valere
688 2685 721 2731 i.
741 2700 784 2730 a.
822 2682 938 2744 μεθ’
969 2676 1025 2732 οὗ
1055 2684 1350 2746 βουλεύεται
1381 2686 1407 2732 ὁ
1437 2684 1731 2749 ἄνθρωπος,
1761 2686 1845 2733 ad-

263 2769 436 2832 ditque
471 2770 613 2818 verbi
649 2768 945 2830 διαφθείρει
980 2770 1259 2818 subiectum
1288 2769 1426 2816 aliud
1455 2785 1559 2818 esse
1585 2785 1686 2819 non
1704 2785 1845 2832 posse

256 2870 415 2916 ,quam
461 2858 488 2913 ἡ
533 2856 677 2919 ὀργῆ,
723 2869 997 2916 pronomen
1032 2857 1203 2902 autem
1238 2856 1392 2914 αὐτό,
1429 2855 1569 2902 cuius
1602 2855 1842 2918 interpre-

262 2941 391 2989 tatio
438 2941 505 2990 sit
538 2943 628 3001 τὴν
659 2942 896 3006 γνώμην,
932 2940 1275 2989 accusativum
1310 2955 1414 2988 esse
1449 2941 1690 3002 oportere.
1732 2940 1842 2998 „Ira
