2014 3412
956 280 1016 329 25

189 424 358 468 emus:
396 410 556 475 ’ταύτῃ
585 417 644 472 τῇ
676 426 829 459 νυκτι
862 411 915 458 et
949 409 1112 458 altera
1140 407 1408 457 difficultas
1435 408 1539 455 iam
1567 410 1788 458 evanuit.

189 495 423 548 ceterum
470 511 576 546 voc.
620 494 891 546 καθεύδων
934 510 995 544 ex
1041 510 1156 543 mea
1189 494 1370 542 saltem
1406 492 1639 555 opinione
1673 494 1720 543 h·
1756 495 1790 543 l·

188 581 341 646 paulo
386 582 594 630 tantum
626 582 738 644 Plus
774 582 912 631 valet
926 617 938 640 ,
973 595 1127 643 quam
1161 579 1373 641 Simplex
1404 593 1513 627 VOG·
1550 580 1637 637 ὤν’
1672 580 1792 642 qnia

191 665 367 719 Graeci
399 668 602 729 recepto
638 681 777 715 more
809 681 900 728 pro
936 665 1088 714 verbo
1128 664 1323 712 latioris
1359 678 1532 712 sensus
1547 700 1558 722 ,
1589 663 1630 711 si
1659 664 1763 712 vim
1778 701 1790 724 ,

188 755 319 816 quae
351 752 398 802 ei
431 751 585 800 verbo
620 751 752 800 inest
766 788 778 811 ,
814 751 986 799 efferre
1020 750 1200 799 volunt
1215 786 1227 809 ,
1263 749 1313 796 id
1347 751 1544 811 ponunt
1578 750 1790 798 vocabu-

189 837 326 898 lum,
359 836 494 900 quod
528 837 688 900 magis
722 837 776 884 in
810 837 907 894 rei,
946 836 1006 885 de
1041 851 1141 898 qua
1175 849 1338 883 sermo
1373 836 1479 893 est,
1517 836 1710 882 statum
1740 838 1792 883 et

127 917 132 920 ’
190 922 532 973 condicionem
583 922 834 971 convenit.
888 921 971 971 Ita
1019 937 1109 986 pro
1160 923 1216 970 ἐν
1261 924 1387 984 οἴκῳ
1432 918 1567 970 εἶναι
1600 921 1791 969 dictum

191 1009 294 1059 est:
333 1009 390 1059 ἐν
421 1011 545 1072 οἴκῳ
578 1005 879 1064 καθεύδειν,
919 1008 1054 1070 quia,
1089 1008 1131 1056 si
1167 1009 1314 1056 noete
1351 1005 1408 1054 ἐν
1443 1010 1566 1070 οἴκῳ
1600 1021 1792 1066 sumne,

190 1093 409 1144 dormire
440 1094 673 1143 solemus.
711 1094 976 1142 Praeterea
1010 1094 1185 1142 autem
1214 1092 1308 1140 hoc
1336 1092 1616 1141 dormiendi
1648 1107 1791 1140 voea-

190 1179 369 1231 bulum
414 1178 605 1228 indicat
619 1216 631 1240 ,
664 1194 809 1228 reum
844 1178 1041 1242 placido
1076 1177 1247 1226 animo
1281 1177 1436 1226 fuisse
1451 1215 1463 1237 ,
1498 1193 1602 1226 non
1637 1180 1698 1226 ut
1730 1177 1793 1237 ii,

187 1265 278 1331 qui
309 1266 424 1328 post
457 1265 618 1313 scelus
653 1265 979 1314 commissum
1013 1263 1259 1312 furiarum
1293 1263 1455 1311 taedis
1491 1263 1787 1311 ardentibus

192 1349 377 1414 agitati
422 1365 656 1399 somnum
695 1365 872 1413 capere
906 1365 1008 1398 non
1042 1351 1266 1412 possunt.
1302 1348 1536 1397 Ceterum
1570 1349 1794 1398 conferas

194 1435 376 1502 Lysiae
419 1435 492 1483 IX
536 1436 670 1497 §102
704 1436 757 1485 εἰ
784 1436 881 1501 γάρ
917 1441 1143 1498 φανερός
1175 1434 1284 1496 εἰμι
1319 1437 1388 1496 μὴ
1422 1435 1590 1484 ἐλθὼν
1624 1435 1699 1491 εἰς
1731 1434 1790 1483 τὸ

197 1520 495 1586 ξυνέδριον,
531 1523 560 1571 ὁ
593 1520 648 1570 δὲ
685 1524 850 1582 νόμος
882 1522 1001 1577 τοὺς
1035 1522 1182 1577 ἐντὸς
1215 1521 1634 1583 πλημμελοῦντας
1668 1521 1794 1586 οἰγο-

193 1609 321 1675 ρεύει
353 1610 446 1667 τὴν
479 1609 668 1669 ζημίαν
701 1608 936 1669 ὀφείλειν,
955 1605 1212 1667 ἠδικηκὼς
1229 1605 1329 1669 μὲν
1346 1606 1498 1656 οὐδὲν
1517 1609 1792 1670 φαίνομαι,

194 1695 371 1761 ἔχθρᾳ
406 1692 577 1744 δ’ἄνευ
613 1698 790 1743 τούτου
826 1694 1130 1759 παραλόγως
1163 1695 1457 1756 ζημιωθείς.

259 1780 425 1831 Verbo
464 1782 670 1829 tantum
720 1780 1029 1830 monendum
1075 1781 1177 1840 est,
1226 1782 1417 1829 certam
1466 1795 1571 1828 esse
1606 1780 1797 1828 Reiskii

193 1866 601 1919 emendationem
615 1902 627 1926 ,
657 1881 748 1928 pro
783 1865 1037 1914 codicum:
1075 1883 1170 1914 που
1206 1865 1546 1914 restituentis:
1583 1882 1682 1913 ποι.
1703 1864 1795 1912 Ta-

191 1953 264 2003 lia,
297 1938 435 2002 enim
469 1952 523 2000 in
558 1951 697 1999 libris
733 1950 869 1999 MSS.
905 1951 1169 1999 sescenties
1204 1950 1585 1999 confunduntur
1602 1988 1613 2010 ,
1643 1950 1721 2010 (cf.
1753 1965 1793 1999 e.

193 2053 242 2103 g.
276 2038 316 2087 I.
353 2037 453 2100 §5²
487 2037 674 2086 ἄλλοθι
711 2051 825 2099 pro:
860 2035 1085 2098 ἄλλοσε),
1119 2035 1339 2098 quidque
1366 2035 1683 2083 scribendum
1712 2035 1795 2093 sit,

195 2124 394 2188 saepius
426 2125 601 2172 nostro
637 2122 849 2171 arbitrio
883 2137 1036 2184 quam
1068 2120 1297 2169 codicum
1326 2135 1568 2169 consensu
1596 2121 1794 2183 pendet.

239 2209 384 2271 510.
421 2210 478 2258 ἐκ
513 2207 570 2257 δὲ
606 2213 711 2257 τῶν
743 2207 954 2257 εἰκότων
988 2207 1418 2271 προςποιούμενοί
1441 2225 1506 2269 με
1542 2207 1793 2271 ἐλέγχειν,

193 2294 286 2345 οὐκ
321 2293 531 2351 εἰκότως
564 2293 671 2343 ἀλλ’
705 2294 868 2350 ὄντως
902 2297 1066 2355 φονέα
1093 2299 1164 2355 με’
1174 2311 1307 2355 φασι
1324 2300 1412 2343 τοῦ
1431 2292 1624 2358 ἀνδρὸς
1639 2291 1790 2351 εἶναι,

194 2381 261 2432 τοὶ
293 2379 352 2431 δὲ
387 2381 563 2432 εἰκότα
597 2380 728 2429 ἄλλα
759 2381 884 2445 πρὸς
914 2381 1038 2443 ἐμοῦ
1055 2381 1253 2443 μᾶλλον
1271 2378 1635 2429 ἀποδέδεικται
1653 2380 1794 2429 ὄντα.

131 2451 135 2464 ³
194 2467 336 2532 Ipsa,
385 2483 500 2518 reus
543 2467 714 2530 inquit
729 2504 740 2526 ,
787 2482 887 2529 qua
935 2482 1016 2515 me
1063 2467 1262 2515 sceleris
1307 2466 1578 2515 convicisse
1623 2466 1795 2525 aiunt,

195 2550 524 2618 probabilitas
570 2567 660 2615 pro
707 2567 788 2600 me
833 2552 1002 2614 potius
1049 2552 1254 2600 militat.
1293 2551 1402 2600 Hoc
1435 2552 1611 2599 autem
1646 2550 1795 2606 modo

197 2638 533 2702 explicantem
578 2637 786 2686 offendit
820 2651 926 2685 voe.
962 2637 1118 2697 ἄλλα,
1155 2637 1236 2684 cui
1250 2673 1262 2696 ,
1292 2651 1391 2699 quo
1427 2619 1574 2699 pacto
1609 2637 1797 2684 iustam

196 2723 672 2787 interpretationem
715 2723 978 2786 adaptem,
1012 2722 1202 2770 frustra
1237 2736 1440 2784 quaero.
1476 2721 1610 2770 Nam
1645 2721 1798 2783 expli-

197 2809 448 2878 cationem
463 2847 475 2866 ‚
528 2824 682 2872 quam
736 2809 1052 2856 Maetznerus
1100 2807 1414 2870 suppeditat:
1471 2807 1798 2869 „argumenta

197 2898 373 2945 autem
406 2910 438 2943 a
471 2895 830 2958 probabilitate
864 2894 1026 2956 petita
1059 2893 1207 2956 longe
1244 2893 1345 2940 alia
1379 2907 1483 2941 3333
1513 2892 1617 2940 sive
1645 2891 1798 2938 aliam

197 2981 304 3034 vim
352 2981 536 3030 habere
581 2982 735 3044 atque
769 2995 800 3027 a
836 2979 960 3028 meis
988 2978 1159 3043 potius
1192 2978 1420 3042 partibus
1455 2979 1589 3026 stare
1624 2975 1796 3036 evici‚''
