2014 3412
0 1060 3 1073 v
0 994 5 1003 .-
0 971 5 984 -
0 940 5 962 ἡ-
0 643 11 931 ...ψιικοη-ςΑ-οεῷμῆ
5 626 11 634 ,

2 59 3 62 =
103 50 166 75 ...5ssv

31 170 33 175 .
72 168 88 189 ζ,

6 308 17 335 ἰ
32 306 55 336 ’ἔέ

0 337 16 495 ἒ

2 510 12 546 j'

4 548 11 593 ἒ

5 597 11 622 Ξ

982 306 1042 355 35

210 433 362 484 verbo
379 427 595 494 βάλλειν
617 434 765 480 icendi
782 433 1041 482 notionem
1059 469 1070 491 ‚
1089 433 1422 495 quadrantem
1442 433 1582 480 illam
1602 433 1805 495 quidem

209 519 264 568 in
298 536 344 584 γ.
380 521 409 580 ἓ
445 520 502 578 5,
535 519 621 566 sed
655 534 757 567 non
791 518 915 566 item
951 518 1003 565 in
1039 518 1097 578 β.
1136 519 1164 578 ἓ
1200 517 1243 565 3.
1292 517 1443 573 Quasi
1478 517 1807 575 adversarius,

213 618 328 653 cum
358 604 512 653 verba
535 619 566 650 a
582 618 668 652 reo
686 603 886 666 prolata
902 602 1090 665 repetit
1106 639 1117 661 ‚
1135 617 1232 650 non
1254 602 1408 665 possit
1428 603 1578 651 verbo
1597 602 1810 662 βάλλειν

210 689 435 739 tribuere
479 688 896 751 significationem
938 687 1002 734 ab
1038 702 1124 747 ea,
1157 702 1258 749 qua
1295 702 1410 735 reus
1447 703 1564 735 usus
1599 690 1702 747 est,
1738 688 1809 735 di-

210 774 434 824 versam!
487 774 605 831 Quis
652 773 786 822 enim
834 773 938 821 tale
984 773 1102 834 quid
1150 772 1364 820 miretur
1409 773 1463 820 in
1503 773 1784 835 tetralogiis
1801 810 1812 832 ,

209 874 338 923 quae
372 874 516 919 eum,
553 859 641 921 qui
674 873 878 907 causam
916 858 1063 918 dicit,
1094 858 1349 921 quaelibet
1379 859 1730 921 quoquomodo
1757 860 1810 906 in

210 959 319 994 rem
369 959 513 994 suam
563 946 760 994 vertere
812 945 1051 1004 doceant,
1103 959 1216 992 cum
1263 945 1389 992 talia
1432 945 1601 1007 eisque
1647 945 1810 993 multo

210 1031 444 1094 graviora
487 1030 644 1078 etiam
689 1030 823 1092 apud
870 1029 1116 1092 sophistas
1163 1032 1215 1078 et
1261 1030 1488 1079 rhetores
1534 1030 1809 1079 identidem

211 1118 490 1166 occurrant.
543 1116 679 1172 Quae
729 1131 844 1164 cum
891 1115 966 1163 ita
998 1115 1125 1175 sint,
1162 1116 1304 1163 nulla
1339 1115 1636 1164 difficultate
1670 1117 1808 1164 locus

210 1202 439 1252 laborare
482 1202 684 1251 videtur
699 1239 711 1261 ,
752 1201 850 1249 nisi
896 1201 1030 1263 quod
1059 1202 1366 1264 particulam
1394 1204 1446 1261 ἢ,
1485 1217 1639 1264 quam
1675 1201 1811 1249 Blas-

210 1289 312 1338 sius
327 1325 339 1349 ,
379 1287 475 1336 NA
514 1303 588 1351 pr.
634 1289 835 1337 secutus
850 1324 862 1346 ‚
906 1287 1040 1335 male
1084 1290 1204 1336 ante
1250 1288 1426 1336 verba:
1474 1289 1586 1337 οὔτε
1628 1288 1811 1349 ἔβαλεν

211 1375 324 1424 οὔτε
357 1373 649 1423 ἀπέκτεινεν
684 1373 922 1432 inseruit,
957 1373 1269 1421 abiciendam
1304 1375 1445 1436 puto.

279 1460 382 1509 Sub
415 1460 570 1508 finem
603 1459 754 1507 huius
786 1459 884 1507 loci
918 1459 1065 1506 valde
1094 1459 1276 1518 miror,
1306 1459 1589 1522 Kayserum
1617 1461 1812 1510 calamo

213 1546 448 1595 inducere
479 1546 659 1595 verba:
699 1544 897 1606 μᾶλλον
931 1542 984 1592 δὲ
1022 1573 1081 1580 -
1114 1543 1418 1594 ἀπέκτεινεν.
1456 1545 1617 1594 Causa
1651 1547 1814 1605 enim,

214 1647 316 1696 qua
358 1632 437 1681 vir
482 1631 802 1680 doctissimus
844 1632 905 1678 ut
946 1631 1021 1678 ita
1066 1630 1254 1679 faceret
1300 1646 1404 1680 sese
1454 1631 1663 1680 ductum
1710 1647 1816 1680 esse

214 1717 501 1782 praedicat,
548 1717 651 1765 scil.
687 1716 821 1779 quod
856 1731 915 1764 ea
946 1716 1100 1764 verba
1133 1718 1186 1764 et
1220 1716 1517 1779 displiceant
1557 1719 1696 1780 post:
1738 1736 1816 1765 πι-

215 1805 342 1870 κρὸν
375 1804 570 1854 σκοπὸν
606 1803 720 1866 ἐμοὶ
755 1802 1038 1857 ἀκοντίσας
1073 1818 1120 1865 q.
1141 1818 1196 1862 3.,
1230 1817 1392 1865 neque
1428 1803 1551 1851 satis
1585 1803 1819 1866 placeant

216 1892 359 1940 ante:
398 1890 653 1946 ἀκουσίως
690 1888 746 1938 δὲ
782 1891 884 1952 οὐχ
920 1884 1080 1948 ἧσσον
1113 1892 1141 1949 ἢ
1178 1889 1419 1944 ἑκουσίως
1446 1905 1493 1952 q.
1513 1905 1549 1937 s.
1583 1890 1665 1950 (cf.
1689 1890 1817 1937 Mus.

216 1975 374 2025 Rhen.
408 1975 534 2036 XII,
567 1991 681 2039 pag.
713 1975 826 2037 231)
855 1977 965 2023 tam
996 1977 1074 2023 est
1099 1974 1288 2034 futilis,
1319 1977 1381 2023 ut
1409 1976 1488 2024 vir
1520 1975 1644 2023 alias
1675 1991 1815 2039 saga-

216 2061 444 2111 cissimus
477 2062 525 2110 h.
544 2062 578 2110 l.
613 2062 911 2110 dormitasse
943 2062 1191 2111 videatur.
1227 2061 1361 2110 Nam
1397 2062 1568 2110 videas
1604 2077 1815 2125 quaes0,

214 2162 370 2211 quam
409 2148 663 2211 praeclare
707 2149 854 2210 pater
898 2147 1073 2196 infelix
1119 2147 1356 2196 acerbum
1403 2162 1551 2195 suum
1590 2147 1814 2196 dolorem

214 2233 429 2294 indicet,
474 2249 590 2282 cum
635 2233 728 2281 hoc
762 2233 866 2282 fere
899 2234 1048 2282 modo
1083 2233 1238 2282 verba
1271 2233 1450 2282 faciat:
1494 2233 1691 2290 „laculo
1725 2250 1815 2283 suo

217 2318 500 2369 adolescens
530 2334 732 2383 scopum
770 2319 934 2379 feriit,
968 2334 1070 2368 non
1097 2334 1247 2382 quem
1277 2319 1493 2367 debebat
1523 2320 1608 2368 sed
1635 2320 1818 2380 alium,

216 2403 475 2454 funestum
522 2404 648 2452 mihi
692 2406 744 2453 et
787 2405 1129 2467 peracerbum.
1178 2404 1260 2452 Ita
1306 2404 1469 2452 filium
1509 2420 1680 2453 meum
1716 2420 1818 2453 non

216 2489 304 2539 ille
337 2490 509 2540 volens
538 2489 740 2553 quidem
771 2490 1034 2538 interemit
1063 2504 1226 2552 neque
1241 2526 1253 2549 ,
1284 2492 1346 2538 ut
1373 2491 1427 2538 et
1454 2489 1505 2536 id
1535 2490 1818 2550 concedam,

214 2575 388 2626 volens
448 2575 566 2635 icit,
627 2575 712 2623 sed
775 2575 914 2622 mala
959 2574 1166 2623 fortuna
1209 2590 1330 2623 usus
1376 2590 1591 2637 puerum
1607 2613 1619 2635 ,
1661 2575 1818 2624 nihilo

215 2662 393 2710 tamen
442 2661 608 2709 minus
656 2676 810 2723 quam
846 2660 888 2708 si
922 2661 1095 2710 volens
1129 2660 1325 2709 fecisset
1339 2698 1350 2720 ‚
1385 2661 1495 2710 vita
1531 2661 1816 2724 spoliavit''.

216 2745 278 2794 In
305 2746 383 2795 his
410 2746 600 2806 verbis,
627 2746 781 2794 flebili
808 2748 984 2795 tenore
1007 2746 1156 2795 editis
1172 2783 1184 2806 ,
1202 2762 1356 2809 quam
1375 2746 1501 2795 bene
1521 2762 1573 2795 36
1591 2747 1816 2795 habeant

214 2832 486 2882 vocabula:
521 2832 720 2893 μᾶλλον
754 2830 839 2888 δέ,
876 2847 1024 2881 nemo
1060 2847 1163 2881 non
1196 2832 1361 2891 videt;
1395 2847 1648 2880 summam
1679 2833 1814 2881 enim

213 2931 335 2980 prae
384 2932 437 2966 se
479 2917 652 2966 ferunt
695 2917 1048 2966 acerbitatem:
1095 2917 1293 2977 omnia,
1328 2932 1674 2980 quaecumque
1708 2918 1785 2967 vis
1802 2952 1814 2976 ,

214 3002 453 3052 concedo:
503 3018 606 3052 non
657 3003 829 3052 volens
874 3018 991 3052 eum
1039 3004 1300 3066 interfecit,
1343 3004 1467 3066 quin
1513 3003 1668 3052 etiam
1703 3004 1815 3067 plus
