<?xml version="1.0" encoding="UTF-8"?>
<!DOCTYPE html PUBLIC "-//W3C//DTD XHTML 1.0 Transitional//EN"
    "http://www.w3.org/TR/xhtml1/DTD/xhtml1-transitional.dtd">
<html xmlns="http://www.w3.org/1999/xhtml" xml:lang="en" lang="en">
 <head>
  <title>
</title>
<meta http-equiv="Content-Type" content="text/html;charset=utf-8" />
  <meta name='ocr-system' content='tesseract 3.04.00' />
  <meta name='ocr-capabilities' content='ocr_page ocr_carea ocr_par ocr_line ocrx_word'/>
</head>
<body>
  <div class='ocr_page' id='page_1' title='image "./analectaantiphon00hemsuoft_0033.png"; bbox 0 0 2014 3412; ppageno 0'>
   <div class='ocr_carea' id='block_1_1' title="bbox 0 0 252 447">
    <p class='ocr_par' dir='ltr' id='par_1_1' title="bbox 0 0 252 447">
     <span class='ocr_line' id='line_1_1' title="bbox 0 0 252 447; baseline 0 0"><span class='ocrx_word' id='word_1_1' title='bbox 0 0 252 447; x_wconf 95' lang='lat' dir='ltr'>  </span> 
     </span>
    </p>
   </div>
   <div class='ocr_carea' id='block_1_2' title="bbox 998 271 1053 318">
    <p class='ocr_par' dir='ltr' id='par_1_2' title="bbox 998 271 1053 318">
     <span class='ocr_line' id='line_1_2' title="bbox 998 271 1053 318; baseline 0 0"><span class='ocrx_word' id='word_1_2' title='bbox 998 271 1053 318; x_wconf 83' lang='lat'>21</span> 
     </span>
    </p>
   </div>
   <div class='ocr_carea' id='block_1_3' title="bbox 34 363 1825 547">
    <p class='ocr_par' dir='ltr' id='par_1_3' title="bbox 34 362 1825 547">
     <span class='ocr_line' id='line_1_3' title="bbox 34 363 1821 463; baseline 0.002 -19"><span class='ocrx_word' id='word_1_3' title='bbox 34 363 38 390; x_wconf 31' lang='grc' dir='ltr'>ε</span> <span class='ocrx_word' id='word_1_4' title='bbox 224 394 541 458; x_wconf 60' lang='lat' dir='ltr'>coniecturae</span> <span class='ocrx_word' id='word_1_5' title='bbox 554 431 567 456; x_wconf 90' lang='lat'>‚</span> <span class='ocrx_word' id='word_1_6' title='bbox 596 396 771 458; x_wconf 88' lang='lat' dir='ltr'>quales</span> <span class='ocrx_word' id='word_1_7' title='bbox 801 398 922 445; x_wconf 89' lang='lat' dir='ltr'>sunt</span> <span class='ocrx_word' id='word_1_8' title='bbox 949 396 1242 457; x_wconf 86' lang='lat' dir='ltr'>Maetzneri,</span> <span class='ocrx_word' id='word_1_9' title='bbox 1265 398 1373 460; x_wconf 85' lang='lat' dir='ltr'>(qui</span> <span class='ocrx_word' id='word_1_10' title='bbox 1390 401 1668 463; x_wconf 85' lang='lat' dir='ltr'>praeeunte</span> <span class='ocrx_word' id='word_1_11' title='bbox 1685 400 1821 448; x_wconf 86' lang='lat' dir='ltr'>Reis-</span> 
     </span>
     <span class='ocr_line' id='line_1_4' title="bbox 130 478 1825 547; baseline -0.001 -14.019"><span class='ocrx_word' id='word_1_12' title='bbox 97 478 147 510; x_wconf 55' lang='lat'>³⁷</span> <span class='ocrx_word' id='word_1_13' title='bbox 171 510 174 511; x_wconf 36' lang='lat'><em>⁷</em></span> <span class='ocrx_word' id='word_1_14' title='bbox 199 480 310 538; x_wconf 61' lang='grc' dir='ltr'>ἘΘ</span> <span class='ocrx_word' id='word_1_15' title='bbox 352 482 474 530; x_wconf 84' lang='lat' dir='ltr'>ante</span> <span class='ocrx_word' id='word_1_16' title='bbox 508 486 665 542; x_wconf 78' lang='grc' dir='ltr'><em>ἱκανή</em></span> <span class='ocrx_word' id='word_1_17' title='bbox 695 482 874 532; x_wconf 89' lang='lat' dir='ltr'>inserit</span> <span class='ocrx_word' id='word_1_18' title='bbox 902 483 1227 546; x_wconf 87' lang='lat' dir='ltr'>negationem</span> <span class='ocrx_word' id='word_1_19' title='bbox 1257 483 1379 546; x_wconf 71' lang='grc' dir='ltr'>οὐχ)</span> <span class='ocrx_word' id='word_1_20' title='bbox 1420 483 1687 547; x_wconf 84' lang='lat' dir='ltr'>Spengelii,</span> <span class='ocrx_word' id='word_1_21' title='bbox 1717 485 1825 547; x_wconf 88' lang='lat' dir='ltr'>(qui</span> 
     </span>
    </p>
   </div>
   <div class='ocr_carea' id='block_1_4' title="bbox 0 447 152 497">
    <p class='ocr_par' dir='ltr' id='par_1_4' title="bbox 0 447 152 497">
     <span class='ocr_line' id='line_1_5' title="bbox 0 447 152 497; baseline 0 2915"><span class='ocrx_word' id='word_1_22' title='bbox 0 447 152 497; x_wconf 95' lang='lat' dir='ltr'> </span> 
     </span>
    </p>
   </div>
   <div class='ocr_carea' id='block_1_5' title="bbox 106 564 1822 716">
    <p class='ocr_par' dir='ltr' id='par_1_5' title="bbox 94 542 1822 716">
     <span class='ocr_line' id='line_1_6' title="bbox 221 564 1821 632; baseline 0.002 -14.779"><span class='ocrx_word' id='word_1_23' title='bbox 221 564 560 617; x_wconf 68' lang='lat' dir='ltr'>Muenchener</span> <span class='ocrx_word' id='word_1_24' title='bbox 606 566 711 617; x_wconf 83' lang='lat' dir='ltr'>Gel.</span> <span class='ocrx_word' id='word_1_25' title='bbox 753 567 874 617; x_wconf 69' lang='grc' dir='ltr'><strong>ΑΗΖ.</strong></span> <span class='ocrx_word' id='word_1_26' title='bbox 930 567 1083 627; x_wconf 83' lang='grc'><strong>1838,</strong></span> <span class='ocrx_word' id='word_1_27' title='bbox 1123 582 1236 630; x_wconf 86' lang='lat' dir='ltr'>pag.</span> <span class='ocrx_word' id='word_1_28' title='bbox 1285 567 1378 628; x_wconf 72' lang='lat'>347</span> <span class='ocrx_word' id='word_1_29' title='bbox 1416 570 1651 631; x_wconf 74' lang='lat' dir='ltr'>proponit</span> <span class='ocrx_word' id='word_1_30' title='bbox 1688 572 1821 632; x_wconf 79' lang='grc' dir='ltr'>(μὴ)</span> 
     </span>
     <span class='ocr_line' id='line_1_7' title="bbox 106 653 1822 716; baseline 0.001 -14"><span class='ocrx_word' id='word_1_31' title='bbox 106 668 113 676; x_wconf 89' lang='lat'><strong>·</strong></span> <span class='ocrx_word' id='word_1_32' title='bbox 220 657 444 710; x_wconf 56' lang='lat' dir='ltr'>tatium,</span> <span class='ocrx_word' id='word_1_33' title='bbox 493 667 595 715; x_wconf 92' lang='lat' dir='ltr'>qua</span> <span class='ocrx_word' id='word_1_34' title='bbox 640 653 702 701; x_wconf 89' lang='lat' dir='ltr'>de</span> <span class='ocrx_word' id='word_1_35' title='bbox 735 668 789 702; x_wconf 88' lang='lat' dir='ltr'>re</span> <span class='ocrx_word' id='word_1_36' title='bbox 825 653 1050 702; x_wconf 85' lang='lat' dir='ltr'>conferas</span> <span class='ocrx_word' id='word_1_37' title='bbox 1087 653 1292 715; x_wconf 81' lang='lat' dir='ltr'>Kayser.</span> <span class='ocrx_word' id='word_1_38' title='bbox 1340 653 1468 701; x_wconf 69' lang='lat' dir='ltr'>Mus</span> <span class='ocrx_word' id='word_1_39' title='bbox 1504 653 1660 703; x_wconf 86' lang='lat' dir='ltr'>Rhen.</span> <span class='ocrx_word' id='word_1_40' title='bbox 1698 656 1822 716; x_wconf 89' lang='lat' dir='ltr'>XII,</span> 
     </span>
    </p>
   </div>
   <div class='ocr_carea' id='block_1_6' title="bbox 18 736 1821 898">
    <p class='ocr_par' dir='ltr' id='par_1_6' title="bbox 18 702 1821 898">
     <span class='ocr_line' id='line_1_8' title="bbox 219 736 1820 803; baseline -0.002 -12.236"><span class='ocrx_word' id='word_1_41' title='bbox 219 741 333 803; x_wconf 71' lang='lat' dir='ltr'>pag.</span> <span class='ocrx_word' id='word_1_42' title='bbox 372 736 488 798; x_wconf 80' lang='lat'>234)</span> <span class='ocrx_word' id='word_1_43' title='bbox 522 737 748 798; x_wconf 90' lang='lat' dir='ltr'>Linderi,</span> <span class='ocrx_word' id='word_1_44' title='bbox 786 738 894 800; x_wconf 91' lang='lat' dir='ltr'>(qui</span> <span class='ocrx_word' id='word_1_45' title='bbox 928 738 980 785; x_wconf 92' lang='lat' dir='ltr'>in</span> <span class='ocrx_word' id='word_1_46' title='bbox 1016 737 1371 786; x_wconf 70' lang='lat' dir='ltr'>dissertatione</span> <span class='ocrx_word' id='word_1_47' title='bbox 1407 753 1498 786; x_wconf 87' lang='lat' dir='ltr'>sua</span> <span class='ocrx_word' id='word_1_48' title='bbox 1538 739 1625 795; x_wconf 86' lang='lat' dir='ltr'>„de</span> <span class='ocrx_word' id='word_1_49' title='bbox 1652 755 1820 788; x_wconf 90' lang='lat' dir='ltr'>rerum</span> 
     </span>
     <span class='ocr_line' id='line_1_9' title="bbox 18 807 1821 898; baseline 0 -24"><span class='ocrx_word' id='word_1_50' title='bbox 18 883 23 898; x_wconf 52' lang='lat'>¹</span> <span class='ocrx_word' id='word_1_51' title='bbox 75 807 110 820; x_wconf 52' lang='lat'>&#39;⁷</span> <span class='ocrx_word' id='word_1_52' title='bbox 151 834 154 835; x_wconf 72' lang='grc'>’</span> <span class='ocrx_word' id='word_1_53' title='bbox 220 822 548 887; x_wconf 74' lang='lat' dir='ltr'>dispositione</span> <span class='ocrx_word' id='word_1_54' title='bbox 594 823 728 886; x_wconf 87' lang='lat' dir='ltr'>apud</span> <span class='ocrx_word' id='word_1_55' title='bbox 773 823 891 872; x_wconf 89' lang='lat' dir='ltr'>Ant.</span> <span class='ocrx_word' id='word_1_56' title='bbox 939 825 992 872; x_wconf 89' lang='lat' dir='ltr'>et</span> <span class='ocrx_word' id='word_1_57' title='bbox 1037 823 1166 871; x_wconf 89' lang='lat' dir='ltr'>And.</span> <span class='ocrx_word' id='word_1_58' title='bbox 1205 825 1427 873; x_wconf 89' lang='lat' dir='ltr'>oratores</span> <span class='ocrx_word' id='word_1_59' title='bbox 1460 824 1656 873; x_wconf 90' lang='lat' dir='ltr'>Atticos</span> <span class='ocrx_word' id='word_1_60' title='bbox 1691 840 1821 874; x_wconf 85' lang='lat' dir='ltr'>com-</span> 
     </span>
    </p>
   </div>
   <div class='ocr_carea' id='block_1_7' title="bbox 217 907 1820 1059">
    <p class='ocr_par' dir='ltr' id='par_1_7' title="bbox 217 907 1820 1059">
     <span class='ocr_line' id='line_1_10' title="bbox 218 907 1820 972; baseline -0.001 -13"><span class='ocrx_word' id='word_1_61' title='bbox 218 907 499 963; x_wconf 79' lang='lat' dir='ltr'>mentatio’&#39;</span> <span class='ocrx_word' id='word_1_62' title='bbox 530 924 558 958; x_wconf 90' lang='lat' dir='ltr'>e</span> <span class='ocrx_word' id='word_1_63' title='bbox 589 909 816 958; x_wconf 89' lang='lat' dir='ltr'>codicum</span> <span class='ocrx_word' id='word_1_64' title='bbox 843 915 1039 958; x_wconf 84' lang='grc' dir='ltr'><em>παῦσαι</em></span> <span class='ocrx_word' id='word_1_65' title='bbox 1056 909 1273 972; x_wconf 81' lang='lat' dir='ltr'>speciose</span> <span class='ocrx_word' id='word_1_66' title='bbox 1292 912 1427 958; x_wconf 87' lang='lat' dir='ltr'>certe</span> <span class='ocrx_word' id='word_1_67' title='bbox 1445 910 1601 958; x_wconf 86' lang='lat' dir='ltr'>eruit:</span> <span class='ocrx_word' id='word_1_68' title='bbox 1623 911 1820 971; x_wconf 84' lang='grc' dir='ltr'><em>πλῆσαι,</em></span> 
     </span>
     <span class='ocr_line' id='line_1_11' title="bbox 217 995 1820 1059; baseline -0.002 -13"><span class='ocrx_word' id='word_1_69' title='bbox 217 1009 348 1059; x_wconf 73' lang='lat' dir='ltr'>quae</span> <span class='ocrx_word' id='word_1_70' title='bbox 373 995 548 1044; x_wconf 85' lang='lat' dir='ltr'>tamen</span> <span class='ocrx_word' id='word_1_71' title='bbox 566 995 855 1044; x_wconf 90' lang='lat' dir='ltr'>coniectura</span> <span class='ocrx_word' id='word_1_72' title='bbox 872 997 1073 1058; x_wconf 89' lang='lat' dir='ltr'>praeter</span> <span class='ocrx_word' id='word_1_73' title='bbox 1090 995 1192 1042; x_wconf 89' lang='lat' dir='ltr'>alia</span> <span class='ocrx_word' id='word_1_74' title='bbox 1210 1024 1270 1030; x_wconf 94' lang='lat'>—</span> <span class='ocrx_word' id='word_1_75' title='bbox 1292 995 1353 1043; x_wconf 85' lang='lat' dir='ltr'>cf.</span> <span class='ocrx_word' id='word_1_76' title='bbox 1372 995 1566 1058; x_wconf 83' lang='lat' dir='ltr'>Kayser</span> <span class='ocrx_word' id='word_1_77' title='bbox 1581 996 1615 1043; x_wconf 90' lang='grc'>1.</span> <span class='ocrx_word' id='word_1_78' title='bbox 1634 996 1667 1045; x_wconf 91' lang='lat' dir='ltr'>l.</span> <span class='ocrx_word' id='word_1_79' title='bbox 1686 996 1820 1055; x_wconf 92' lang='lat' dir='ltr'>XVI,</span> 
     </span>
    </p>
   </div>
   <div class='ocr_carea' id='block_1_8' title="bbox 131 1078 1821 1144">
    <p class='ocr_par' dir='ltr' id='par_1_8' title="bbox 131 1078 1821 1144">
     <span class='ocr_line' id='line_1_12' title="bbox 131 1078 1821 1144; baseline 0.001 -16"><span class='ocrx_word' id='word_1_80' title='bbox 131 1132 138 1139; x_wconf 62' lang='grc'><em>,</em></span> <span class='ocrx_word' id='word_1_81' title='bbox 217 1094 332 1144; x_wconf 79' lang='lat' dir='ltr'>pag.</span> <span class='ocrx_word' id='word_1_82' title='bbox 370 1078 431 1130; x_wconf 77' lang='lat'>72</span> <span class='ocrx_word' id='word_1_83' title='bbox 462 1109 525 1116; x_wconf 93' lang='lat'>—</span> <span class='ocrx_word' id='word_1_84' title='bbox 555 1080 781 1129; x_wconf 89' lang='lat' dir='ltr'>etiamid</span> <span class='ocrx_word' id='word_1_85' title='bbox 800 1080 954 1129; x_wconf 88' lang='lat' dir='ltr'>habet</span> <span class='ocrx_word' id='word_1_86' title='bbox 972 1080 1181 1128; x_wconf 90' lang='lat' dir='ltr'>sublesti</span> <span class='ocrx_word' id='word_1_87' title='bbox 1196 1117 1207 1139; x_wconf 91' lang='lat'><strong><em>,</em></strong></span> <span class='ocrx_word' id='word_1_88' title='bbox 1226 1080 1360 1142; x_wconf 92' lang='lat' dir='ltr'>quod</span> <span class='ocrx_word' id='word_1_89' title='bbox 1377 1079 1538 1128; x_wconf 90' lang='lat' dir='ltr'>Attici</span> <span class='ocrx_word' id='word_1_90' title='bbox 1555 1082 1821 1144; x_wconf 70' lang='lat' dir='ltr'>scriptores</span> 
     </span>
    </p>
   </div>
   <div class='ocr_carea' id='block_1_9' title="bbox 0 496 152 2496">
    <p class='ocr_par' dir='ltr' id='par_1_9' title="bbox 0 496 152 2496">
     <span class='ocr_line' id='line_1_13' title="bbox 0 496 152 2496; baseline 0 0"><span class='ocrx_word' id='word_1_91' title='bbox 0 496 152 2496; x_wconf 95' lang='lat' dir='ltr'> </span> 
     </span>
    </p>
   </div>
   <div class='ocr_carea' id='block_1_10' title="bbox 198 1164 1821 3032">
    <p class='ocr_par' dir='ltr' id='par_1_10' title="bbox 215 1164 1666 1232">
     <span class='ocr_line' id='line_1_14' title="bbox 215 1164 1666 1232; baseline 0.001 -19"><span class='ocrx_word' id='word_1_92' title='bbox 215 1164 387 1232; x_wconf 87' lang='lat' dir='ltr'>potius</span> <span class='ocrx_word' id='word_1_93' title='bbox 419 1166 640 1213; x_wconf 90' lang='lat' dir='ltr'>utuntur</span> <span class='ocrx_word' id='word_1_94' title='bbox 674 1164 839 1213; x_wconf 89' lang='lat' dir='ltr'>forma</span> <span class='ocrx_word' id='word_1_95' title='bbox 871 1165 1014 1214; x_wconf 87' lang='lat' dir='ltr'>verbi</span> <span class='ocrx_word' id='word_1_96' title='bbox 1049 1165 1339 1228; x_wconf 80' lang='lat' dir='ltr'>compositi:</span> <span class='ocrx_word' id='word_1_97' title='bbox 1378 1165 1666 1228; x_wconf 83' lang='grc' dir='ltr'><em>ἐμπλῆσαι).</em></span> 
     </span>
    </p>

    <p class='ocr_par' dir='ltr' id='par_1_11' title="bbox 198 1248 1821 2931">
     <span class='ocr_line' id='line_1_15' title="bbox 281 1248 1821 1317; baseline 0.003 -19"><span class='ocrx_word' id='word_1_98' title='bbox 281 1249 372 1311; x_wconf 65' lang='grc'>55.</span> <span class='ocrx_word' id='word_1_99' title='bbox 407 1248 528 1299; x_wconf 73' lang='grc' dir='ltr'><em>οὐδὲ</em></span> <span class='ocrx_word' id='word_1_100' title='bbox 562 1252 666 1313; x_wconf 85' lang='grc' dir='ltr'>μὴν</span> <span class='ocrx_word' id='word_1_101' title='bbox 701 1250 1052 1316; x_wconf 71' lang='grc' dir='ltr'><em>ἀπογενέσθαι</em></span> <span class='ocrx_word' id='word_1_102' title='bbox 1088 1255 1116 1311; x_wconf 85' lang='grc' dir='ltr'><em>ἢ</em></span> <span class='ocrx_word' id='word_1_103' title='bbox 1150 1256 1539 1316; x_wconf 76' lang='grc' dir='ltr'><strong><em>παραγενέσθαι</em></strong></span> <span class='ocrx_word' id='word_1_104' title='bbox 1570 1255 1821 1317; x_wconf 82' lang='grc' dir='ltr'><em>εἰκότερον</em></span> 
     </span>
     <span class='ocr_line' id='line_1_16' title="bbox 215 1335 1820 1402; baseline 0.003 -19"><span class='ocrx_word' id='word_1_105' title='bbox 215 1335 380 1390; x_wconf 71' lang='grc' dir='ltr'><em>αὐτόν</em></span> <span class='ocrx_word' id='word_1_106' title='bbox 425 1338 584 1388; x_wconf 79' lang='grc' dir='ltr'><em>ἐστιν.</em></span> <span class='ocrx_word' id='word_1_107' title='bbox 633 1337 684 1385; x_wconf 85' lang='grc' dir='ltr'>εἰ</span> <span class='ocrx_word' id='word_1_108' title='bbox 714 1337 813 1402; x_wconf 68' lang='grc' dir='ltr'>γάρ</span> <span class='ocrx_word' id='word_1_109' title='bbox 851 1337 1146 1402; x_wconf 70' lang='grc' dir='ltr'><em>ἀπεγένετο,</em></span> <span class='ocrx_word' id='word_1_110' title='bbox 1185 1340 1277 1387; x_wconf 89' lang='grc' dir='ltr'>τὸν</span> <span class='ocrx_word' id='word_1_111' title='bbox 1311 1337 1411 1399; x_wconf 83' lang='grc' dir='ltr'>μὲν</span> <span class='ocrx_word' id='word_1_112' title='bbox 1445 1338 1694 1388; x_wconf 81' lang='grc' dir='ltr'><em>κίνδυνον</em></span> <span class='ocrx_word' id='word_1_113' title='bbox 1729 1341 1820 1389; x_wconf 87' lang='grc' dir='ltr'>τὸν</span> 
     </span>
     <span class='ocr_line' id='line_1_17' title="bbox 198 1422 1819 1490; baseline 0 -16"><span class='ocrx_word' id='word_1_114' title='bbox 198 1422 378 1474; x_wconf 64' lang='grc' dir='ltr'><em>,αὐτὸν</em></span> <span class='ocrx_word' id='word_1_115' title='bbox 424 1422 591 1485; x_wconf 81' lang='grc' dir='ltr'><em>ἔμελλε</em></span> <span class='ocrx_word' id='word_1_116' title='bbox 637 1424 731 1471; x_wconf 80' lang='grc' dir='ltr'>καὶ</span> <span class='ocrx_word' id='word_1_117' title='bbox 773 1424 952 1486; x_wconf 85' lang='grc' dir='ltr'><em>παρὼν</em></span> <span class='ocrx_word' id='word_1_118' title='bbox 997 1423 1331 1480; x_wconf 77' lang='grc' dir='ltr'><em>κινδυνεύειν,</em></span> <span class='ocrx_word' id='word_1_119' title='bbox 1379 1431 1480 1481; x_wconf 77' lang='grc' dir='ltr'>πᾶς</span> <span class='ocrx_word' id='word_1_120' title='bbox 1515 1428 1614 1490; x_wconf 75' lang='grc' dir='ltr'>γάρ</span> <span class='ocrx_word' id='word_1_121' title='bbox 1650 1427 1819 1475; x_wconf 74' lang='grc' dir='ltr'><em>αὐτῶν</em></span> 
     </span>
     <span class='ocr_line' id='line_1_18' title="bbox 215 1507 1815 1576; baseline 0.003 -21"><span class='ocrx_word' id='word_1_122' title='bbox 215 1507 442 1569; x_wconf 78' lang='grc' dir='ltr'><em>ληφθεὶς·</em></span> <span class='ocrx_word' id='word_1_123' title='bbox 475 1514 660 1558; x_wconf 79' lang='grc' dir='ltr'><em>τοῦτον</em></span> <span class='ocrx_word' id='word_1_124' title='bbox 704 1509 773 1557; x_wconf 78' lang='grc' dir='ltr'>ἂν</span> <span class='ocrx_word' id='word_1_125' title='bbox 809 1510 899 1558; x_wconf 89' lang='grc' dir='ltr'>τὸν</span> <span class='ocrx_word' id='word_1_126' title='bbox 936 1510 1379 1573; x_wconf 79' lang='grc' dir='ltr'><em>ἐπιβουλεύσαντα</em></span> <span class='ocrx_word' id='word_1_127' title='bbox 1413 1511 1626 1576; x_wconf 68' lang='grc' dir='ltr'><em>ἤλεγχεν</em></span> <span class='ocrx_word' id='word_1_128' title='bbox 1660 1513 1815 1571; x_wconf 84' lang='grc' dir='ltr'><em>ὄντα,</em></span> 
     </span>
     <span class='ocr_line' id='line_1_19' title="bbox 217 1590 1817 1663; baseline 0.003 -20"><span class='ocrx_word' id='word_1_129' title='bbox 217 1595 279 1644; x_wconf 87' lang='grc' dir='ltr'>τὸ</span> <span class='ocrx_word' id='word_1_130' title='bbox 312 1592 516 1660; x_wconf 83' lang='grc' dir='ltr'><em>δ’ἔργον</em></span> <span class='ocrx_word' id='word_1_131' title='bbox 551 1590 713 1654; x_wconf 84' lang='grc' dir='ltr'><em>ἧσσον</em></span> <span class='ocrx_word' id='word_1_132' title='bbox 746 1595 1006 1660; x_wconf 82' lang='grc' dir='ltr'><em>πράσσειν·</em></span> <span class='ocrx_word' id='word_1_133' title='bbox 1043 1595 1210 1653; x_wconf 67' lang='grc' dir='ltr'><em>οὐδεὶς</em></span> <span class='ocrx_word' id='word_1_134' title='bbox 1245 1598 1344 1661; x_wconf 74' lang='grc' dir='ltr'>γάρ</span> <span class='ocrx_word' id='word_1_135' title='bbox 1376 1598 1520 1653; x_wconf 82' lang='grc' dir='ltr'><em>ὅστις</em></span> <span class='ocrx_word' id='word_1_136' title='bbox 1554 1603 1657 1646; x_wconf 85' lang='grc' dir='ltr'>τῶν</span> <span class='ocrx_word' id='word_1_137' title='bbox 1685 1618 1817 1663; x_wconf 88' lang='grc' dir='ltr'><em>παρ-</em></span> 
     </span>
     <span class='ocr_line' id='line_1_20' title="bbox 219 1680 1818 1747; baseline 0.001 -16"><span class='ocrx_word' id='word_1_138' title='bbox 219 1681 384 1731; x_wconf 81' lang='grc' dir='ltr'><em>όντων</em></span> <span class='ocrx_word' id='word_1_139' title='bbox 428 1681 521 1730; x_wconf 68' lang='lat' dir='ltr'>otiu</span> <span class='ocrx_word' id='word_1_140' title='bbox 566 1681 636 1729; x_wconf 78' lang='grc' dir='ltr'>ἂν</span> <span class='ocrx_word' id='word_1_141' title='bbox 683 1682 1010 1746; x_wconf 79' lang='grc' dir='ltr'><em>ὀκνηρότερος</em></span> <span class='ocrx_word' id='word_1_142' title='bbox 1051 1683 1126 1738; x_wconf 82' lang='grc' dir='ltr'>εἰς</span> <span class='ocrx_word' id='word_1_143' title='bbox 1171 1685 1263 1741; x_wconf 87' lang='grc' dir='ltr'>τὴν</span> <span class='ocrx_word' id='word_1_144' title='bbox 1308 1687 1494 1747; x_wconf 78' lang='grc' dir='ltr'><em>πρᾶξιν</em></span> <span class='ocrx_word' id='word_1_145' title='bbox 1530 1680 1604 1743; x_wconf 84' lang='grc' dir='ltr'>ἦν.</span> <span class='ocrx_word' id='word_1_146' title='bbox 1639 1683 1742 1733; x_wconf 90' lang='lat' dir='ltr'>Iste</span> <span class='ocrx_word' id='word_1_147' title='bbox 1775 1686 1818 1732; x_wconf 89' lang='lat' dir='ltr'>si</span> 
     </span>
     <span class='ocr_line' id='line_1_21' title="bbox 215 1766 1817 1832; baseline 0.002 -17"><span class='ocrx_word' id='word_1_148' title='bbox 215 1766 451 1826; x_wconf 68' lang='lat' dir='ltr'>afuisset,</span> <span class='ocrx_word' id='word_1_149' title='bbox 496 1767 843 1830; x_wconf 84' lang='lat' dir='ltr'>unusquisque</span> <span class='ocrx_word' id='word_1_150' title='bbox 887 1783 1088 1827; x_wconf 87' lang='lat' dir='ltr'>eorum,</span> <span class='ocrx_word' id='word_1_151' title='bbox 1134 1769 1221 1831; x_wconf 92' lang='lat' dir='ltr'>qui</span> <span class='ocrx_word' id='word_1_152' title='bbox 1256 1769 1483 1828; x_wconf 87' lang='lat' dir='ltr'>aderant,</span> <span class='ocrx_word' id='word_1_153' title='bbox 1517 1770 1558 1817; x_wconf 91' lang='lat' dir='ltr'>si</span> <span class='ocrx_word' id='word_1_154' title='bbox 1595 1785 1817 1832; x_wconf 89' lang='lat' dir='ltr'>compre-</span> 
     </span>
     <span class='ocr_line' id='line_1_22' title="bbox 214 1851 1816 1917; baseline 0 -15"><span class='ocrx_word' id='word_1_155' title='bbox 214 1851 398 1902; x_wconf 85' lang='lat' dir='ltr'>hensus</span> <span class='ocrx_word' id='word_1_156' title='bbox 433 1854 586 1912; x_wconf 83' lang='lat' dir='ltr'>esset,</span> <span class='ocrx_word' id='word_1_157' title='bbox 622 1852 857 1911; x_wconf 86' lang='lat' dir='ltr'>dixisset,</span> <span class='ocrx_word' id='word_1_158' title='bbox 892 1853 1051 1901; x_wconf 86' lang='lat' dir='ltr'>istum</span> <span class='ocrx_word' id='word_1_159' title='bbox 1082 1869 1186 1902; x_wconf 90' lang='lat' dir='ltr'>esse</span> <span class='ocrx_word' id='word_1_160' title='bbox 1203 1891 1214 1913; x_wconf 91' lang='lat'>,</span> <span class='ocrx_word' id='word_1_161' title='bbox 1244 1854 1330 1916; x_wconf 93' lang='lat' dir='ltr'>qui</span> <span class='ocrx_word' id='word_1_162' title='bbox 1358 1855 1564 1902; x_wconf 87' lang='lat' dir='ltr'>insidias</span> <span class='ocrx_word' id='word_1_163' title='bbox 1594 1857 1816 1917; x_wconf 86' lang='lat' dir='ltr'>pararet,</span> 
     </span>
     <span class='ocr_line' id='line_1_23' title="bbox 213 1937 1818 2002; baseline 0.001 -15"><span class='ocrx_word' id='word_1_164' title='bbox 213 1952 315 2001; x_wconf 84' lang='lat' dir='ltr'>quo</span> <span class='ocrx_word' id='word_1_165' title='bbox 360 1937 517 1986; x_wconf 88' lang='lat' dir='ltr'>etiam</span> <span class='ocrx_word' id='word_1_166' title='bbox 562 1938 781 1996; x_wconf 86' lang='lat' dir='ltr'>accedit,</span> <span class='ocrx_word' id='word_1_167' title='bbox 823 1939 957 2000; x_wconf 91' lang='lat' dir='ltr'>quod</span> <span class='ocrx_word' id='word_1_168' title='bbox 993 1940 1242 2002; x_wconf 83' lang='lat' dir='ltr'>segniores</span> <span class='ocrx_word' id='word_1_169' title='bbox 1277 1939 1492 1987; x_wconf 87' lang='lat' dir='ltr'>fuissent</span> <span class='ocrx_word' id='word_1_170' title='bbox 1526 1941 1590 1987; x_wconf 89' lang='lat' dir='ltr'>ad</span> <span class='ocrx_word' id='word_1_171' title='bbox 1624 1939 1818 1988; x_wconf 87' lang='lat' dir='ltr'>facinus</span> 
     </span>
     <span class='ocr_line' id='line_1_24' title="bbox 214 2022 1818 2087; baseline 0.001 -15"><span class='ocrx_word' id='word_1_172' title='bbox 214 2022 651 2072; x_wconf 75' lang='lat' dir='ltr'>committendum.</span> <span class='ocrx_word' id='word_1_173' title='bbox 676 2022 750 2070; x_wconf 86' lang='lat' dir='ltr'>Ex</span> <span class='ocrx_word' id='word_1_174' title='bbox 766 2023 875 2085; x_wconf 88' lang='lat' dir='ltr'>ipsa</span> <span class='ocrx_word' id='word_1_175' title='bbox 893 2024 1207 2086; x_wconf 87' lang='lat' dir='ltr'>oppositione</span> <span class='ocrx_word' id='word_1_176' title='bbox 1230 2027 1455 2087; x_wconf 88' lang='lat' dir='ltr'>apparet,</span> <span class='ocrx_word' id='word_1_177' title='bbox 1472 2026 1626 2073; x_wconf 90' lang='lat' dir='ltr'>verba</span> <span class='ocrx_word' id='word_1_178' title='bbox 1644 2027 1818 2074; x_wconf 75' lang='grc' dir='ltr'><em>αὐτῶν</em></span> 
     </span>
     <span class='ocr_line' id='line_1_25' title="bbox 214 2108 1815 2173; baseline 0.002 -16"><span class='ocrx_word' id='word_1_179' title='bbox 214 2108 268 2157; x_wconf 80' lang='lat' dir='ltr'>et</span> <span class='ocrx_word' id='word_1_180' title='bbox 307 2111 414 2156; x_wconf 82' lang='grc' dir='ltr'>τῶν</span> <span class='ocrx_word' id='word_1_181' title='bbox 457 2110 726 2173; x_wconf 86' lang='grc' dir='ltr'><em>παρόντων</em></span> <span class='ocrx_word' id='word_1_182' title='bbox 771 2109 938 2158; x_wconf 86' lang='lat' dir='ltr'>sedem</span> <span class='ocrx_word' id='word_1_183' title='bbox 982 2113 1332 2159; x_wconf 82' lang='lat' dir='ltr'>commutasse.</span> <span class='ocrx_word' id='word_1_184' title='bbox 1383 2110 1575 2159; x_wconf 87' lang='lat' dir='ltr'>Sciolus</span> <span class='ocrx_word' id='word_1_185' title='bbox 1609 2112 1815 2173; x_wconf 91' lang='lat' dir='ltr'>quidam</span> 
     </span>
     <span class='ocr_line' id='line_1_26' title="bbox 213 2196 1815 2260; baseline 0.002 -18"><span class='ocrx_word' id='word_1_186' title='bbox 213 2207 364 2257; x_wconf 82' lang='lat' dir='ltr'>supra</span> <span class='ocrx_word' id='word_1_187' title='bbox 416 2200 522 2244; x_wconf 87' lang='grc' dir='ltr'>τῶν</span> <span class='ocrx_word' id='word_1_188' title='bbox 564 2199 836 2259; x_wconf 81' lang='grc' dir='ltr'>παρόντων</span> <span class='ocrx_word' id='word_1_189' title='bbox 883 2196 1106 2258; x_wconf 88' lang='lat' dir='ltr'>scripsit:</span> <span class='ocrx_word' id='word_1_190' title='bbox 1151 2197 1346 2255; x_wconf 76' lang='grc' dir='ltr'><em>αὐτῶν,</em></span> <span class='ocrx_word' id='word_1_191' title='bbox 1393 2197 1618 2258; x_wconf 85' lang='lat' dir='ltr'>itemque</span> <span class='ocrx_word' id='word_1_192' title='bbox 1663 2214 1815 2260; x_wconf 91' lang='lat' dir='ltr'>supra</span> 
     </span>
     <span class='ocr_line' id='line_1_27' title="bbox 213 2281 1815 2346; baseline 0.001 -16"><span class='ocrx_word' id='word_1_193' title='bbox 213 2281 410 2335; x_wconf 71' lang='grc' dir='ltr'><em>αὐτῶνε</em></span> <span class='ocrx_word' id='word_1_194' title='bbox 459 2286 563 2330; x_wconf 87' lang='grc' dir='ltr'>τῶν</span> <span class='ocrx_word' id='word_1_195' title='bbox 609 2284 877 2346; x_wconf 87' lang='grc' dir='ltr'><em>παρόντων</em></span> <span class='ocrx_word' id='word_1_196' title='bbox 893 2318 906 2341; x_wconf 89' lang='grc'><strong><em>,</em></strong></span> <span class='ocrx_word' id='word_1_197' title='bbox 946 2283 1008 2329; x_wconf 91' lang='lat' dir='ltr'>ut</span> <span class='ocrx_word' id='word_1_198' title='bbox 1041 2282 1302 2342; x_wconf 87' lang='lat' dir='ltr'>indicaret,</span> <span class='ocrx_word' id='word_1_199' title='bbox 1338 2282 1460 2331; x_wconf 89' lang='lat' dir='ltr'>haec</span> <span class='ocrx_word' id='word_1_200' title='bbox 1494 2284 1648 2331; x_wconf 88' lang='lat' dir='ltr'>verba</span> <span class='ocrx_word' id='word_1_201' title='bbox 1681 2284 1815 2332; x_wconf 90' lang='lat' dir='ltr'>inter</span> 
     </span>
     <span class='ocr_line' id='line_1_28' title="bbox 211 2367 1812 2432; baseline 0.001 -15"><span class='ocrx_word' id='word_1_202' title='bbox 211 2381 264 2417; x_wconf 71' lang='lat' dir='ltr'>se</span> <span class='ocrx_word' id='word_1_203' title='bbox 296 2368 608 2432; x_wconf 87' lang='lat' dir='ltr'>respondere.</span> <span class='ocrx_word' id='word_1_204' title='bbox 655 2369 764 2417; x_wconf 90' lang='lat' dir='ltr'>Hac</span> <span class='ocrx_word' id='word_1_205' title='bbox 798 2383 852 2417; x_wconf 89' lang='lat' dir='ltr'>re</span> <span class='ocrx_word' id='word_1_206' title='bbox 887 2368 1043 2417; x_wconf 89' lang='lat' dir='ltr'>etiam</span> <span class='ocrx_word' id='word_1_207' title='bbox 1078 2367 1271 2416; x_wconf 86' lang='lat' dir='ltr'>factum</span> <span class='ocrx_word' id='word_1_208' title='bbox 1307 2371 1459 2431; x_wconf 87' lang='lat' dir='ltr'>puto,</span> <span class='ocrx_word' id='word_1_209' title='bbox 1494 2371 1554 2417; x_wconf 92' lang='lat' dir='ltr'>ut</span> <span class='ocrx_word' id='word_1_210' title='bbox 1583 2370 1812 2418; x_wconf 89' lang='lat' dir='ltr'>absorbe-</span> 
     </span>
     <span class='ocr_line' id='line_1_29' title="bbox 210 2453 1813 2517; baseline 0 -14"><span class='ocrx_word' id='word_1_211' title='bbox 210 2454 353 2503; x_wconf 78' lang='lat' dir='ltr'>retur</span> <span class='ocrx_word' id='word_1_212' title='bbox 386 2469 527 2516; x_wconf 92' lang='lat' dir='ltr'>pron.</span> <span class='ocrx_word' id='word_1_213' title='bbox 562 2472 671 2514; x_wconf 83' lang='grc' dir='ltr'><em>τις,</em></span> <span class='ocrx_word' id='word_1_214' title='bbox 707 2454 842 2516; x_wconf 91' lang='lat' dir='ltr'>quod</span> <span class='ocrx_word' id='word_1_215' title='bbox 876 2453 1214 2516; x_wconf 86' lang='lat' dir='ltr'>Hirschigius‚</span> <span class='ocrx_word' id='word_1_216' title='bbox 1249 2454 1435 2502; x_wconf 89' lang='lat' dir='ltr'>collata</span> <span class='ocrx_word' id='word_1_217' title='bbox 1469 2456 1497 2514; x_wconf 68' lang='lat' dir='ltr'>g</span> <span class='ocrx_word' id='word_1_218' title='bbox 1517 2454 1561 2513; x_wconf 79' lang='lat'>7,</span> <span class='ocrx_word' id='word_1_219' title='bbox 1580 2457 1694 2517; x_wconf 90' lang='lat' dir='ltr'>post</span> <span class='ocrx_word' id='word_1_220' title='bbox 1713 2460 1813 2512; x_wconf 82' lang='grc' dir='ltr'>πᾶς</span> 
     </span>
     <span class='ocr_line' id='line_1_30' title="bbox 210 2539 1814 2604; baseline 0.001 -16"><span class='ocrx_word' id='word_1_221' title='bbox 210 2540 309 2604; x_wconf 83' lang='grc' dir='ltr'>γάρ</span> <span class='ocrx_word' id='word_1_222' title='bbox 336 2539 614 2588; x_wconf 84' lang='lat' dir='ltr'>rectissime</span> <span class='ocrx_word' id='word_1_223' title='bbox 642 2539 884 2589; x_wconf 85' lang='lat' dir='ltr'>restituit.</span> <span class='ocrx_word' id='word_1_224' title='bbox 915 2539 1056 2595; x_wconf 84' lang='lat' dir='ltr'>Quod</span> <span class='ocrx_word' id='word_1_225' title='bbox 1092 2539 1227 2587; x_wconf 90' lang='lat' dir='ltr'>enim</span> <span class='ocrx_word' id='word_1_226' title='bbox 1244 2539 1430 2601; x_wconf 87' lang='lat' dir='ltr'>passim</span> <span class='ocrx_word' id='word_1_227' title='bbox 1448 2540 1613 2588; x_wconf 91' lang='lat' dir='ltr'>locum</span> <span class='ocrx_word' id='word_1_228' title='bbox 1634 2541 1814 2589; x_wconf 89' lang='lat' dir='ltr'>habuit</span> 
     </span>
     <span class='ocr_line' id='line_1_31' title="bbox 209 2624 1811 2689; baseline -0.001 -14"><span class='ocrx_word' id='word_1_229' title='bbox 209 2624 366 2675; x_wconf 76' lang='lat' dir='ltr'>etiam</span> <span class='ocrx_word' id='word_1_230' title='bbox 412 2625 494 2674; x_wconf 91' lang='lat' dir='ltr'>hic</span> <span class='ocrx_word' id='word_1_231' title='bbox 524 2625 719 2675; x_wconf 87' lang='lat' dir='ltr'>factum</span> <span class='ocrx_word' id='word_1_232' title='bbox 754 2627 856 2684; x_wconf 86' lang='lat' dir='ltr'>est,</span> <span class='ocrx_word' id='word_1_233' title='bbox 890 2626 950 2672; x_wconf 94' lang='lat' dir='ltr'>ut</span> <span class='ocrx_word' id='word_1_234' title='bbox 985 2625 1116 2673; x_wconf 90' lang='lat' dir='ltr'>oculi</span> <span class='ocrx_word' id='word_1_235' title='bbox 1150 2625 1343 2673; x_wconf 90' lang='lat' dir='ltr'>librarii</span> <span class='ocrx_word' id='word_1_236' title='bbox 1377 2626 1442 2674; x_wconf 92' lang='lat' dir='ltr'>ad</span> <span class='ocrx_word' id='word_1_237' title='bbox 1472 2627 1811 2689; x_wconf 86' lang='lat' dir='ltr'>recipiendum</span> 
     </span>
     <span class='ocr_line' id='line_1_32' title="bbox 207 2710 1813 2779; baseline 0.001 -21"><span class='ocrx_word' id='word_1_238' title='bbox 207 2710 605 2779; x_wconf 74' lang='lat' dir='ltr'>suprascriptum</span> <span class='ocrx_word' id='word_1_239' title='bbox 653 2710 781 2759; x_wconf 88' lang='lat' dir='ltr'>illud</span> <span class='ocrx_word' id='word_1_240' title='bbox 827 2711 999 2759; x_wconf 77' lang='grc' dir='ltr'><em>αὐτῶν</em></span> <span class='ocrx_word' id='word_1_241' title='bbox 1015 2748 1026 2765; x_wconf 87' lang='grc'><strong><em>,</em></strong></span> <span class='ocrx_word' id='word_1_242' title='bbox 1074 2710 1212 2772; x_wconf 87' lang='lat' dir='ltr'>prius</span> <span class='ocrx_word' id='word_1_243' title='bbox 1228 2747 1240 2770; x_wconf 91' lang='lat'><em>,</em></span> <span class='ocrx_word' id='word_1_244' title='bbox 1285 2727 1435 2773; x_wconf 88' lang='lat' dir='ltr'>quam</span> <span class='ocrx_word' id='word_1_245' title='bbox 1483 2727 1576 2774; x_wconf 90' lang='lat' dir='ltr'>par</span> <span class='ocrx_word' id='word_1_246' title='bbox 1611 2714 1746 2771; x_wconf 88' lang='lat' dir='ltr'>erat,</span> <span class='ocrx_word' id='word_1_247' title='bbox 1782 2727 1813 2759; x_wconf 91' lang='lat' dir='ltr'>a</span> 
     </span>
     <span class='ocr_line' id='line_1_33' title="bbox 207 2794 1805 2860; baseline 0.001 -15"><span class='ocrx_word' id='word_1_248' title='bbox 207 2794 395 2845; x_wconf 87' lang='lat' dir='ltr'>lineola</span> <span class='ocrx_word' id='word_1_249' title='bbox 428 2795 771 2856; x_wconf 87' lang='lat' dir='ltr'>deflecterent,</span> <span class='ocrx_word' id='word_1_250' title='bbox 810 2811 908 2859; x_wconf 91' lang='lat' dir='ltr'>quo</span> <span class='ocrx_word' id='word_1_251' title='bbox 942 2811 1083 2858; x_wconf 90' lang='lat' dir='ltr'>pron.</span> <span class='ocrx_word' id='word_1_252' title='bbox 1111 2813 1192 2852; x_wconf 79' lang='grc' dir='ltr'>τις</span> <span class='ocrx_word' id='word_1_253' title='bbox 1226 2813 1329 2844; x_wconf 89' lang='lat' dir='ltr'>una</span> <span class='ocrx_word' id='word_1_254' title='bbox 1363 2811 1500 2846; x_wconf 88' lang='lat' dir='ltr'>cum:</span> <span class='ocrx_word' id='word_1_255' title='bbox 1542 2802 1647 2845; x_wconf 83' lang='grc' dir='ltr'>τῶν</span> <span class='ocrx_word' id='word_1_256' title='bbox 1680 2817 1805 2860; x_wconf 87' lang='grc' dir='ltr'><em>παρ-</em></span> 
     </span>
     <span class='ocr_line' id='line_1_34' title="bbox 209 2882 756 2931; baseline -0.004 0"><span class='ocrx_word' id='word_1_257' title='bbox 209 2883 374 2931; x_wconf 85' lang='grc' dir='ltr'><em>όντων</em></span> <span class='ocrx_word' id='word_1_258' title='bbox 408 2882 756 2930; x_wconf 86' lang='lat' dir='ltr'>omittebatur.</span> 
     </span>
    </p>

    <p class='ocr_par' dir='ltr' id='par_1_12' title="bbox 273 2965 1810 3032">
     <span class='ocr_line' id='line_1_35' title="bbox 273 2965 1810 3032; baseline 0.002 -16"><span class='ocrx_word' id='word_1_259' title='bbox 273 2965 321 3016; x_wconf 83' lang='grc' dir='ltr'>δ.</span> <span class='ocrx_word' id='word_1_260' title='bbox 352 2968 380 3028; x_wconf 65' lang='lat'>5</span> <span class='ocrx_word' id='word_1_261' title='bbox 411 2966 454 3018; x_wconf 76' lang='lat'>7.</span> <span class='ocrx_word' id='word_1_262' title='bbox 490 2967 622 3016; x_wconf 87' lang='lat' dir='ltr'>Reus</span> <span class='ocrx_word' id='word_1_263' title='bbox 638 3004 651 3028; x_wconf 93' lang='lat'>‚</span> <span class='ocrx_word' id='word_1_264' title='bbox 697 2967 785 3030; x_wconf 90' lang='lat' dir='ltr'>qui</span> <span class='ocrx_word' id='word_1_265' title='bbox 822 2968 875 3015; x_wconf 90' lang='lat' dir='ltr'>in</span> <span class='ocrx_word' id='word_1_266' title='bbox 909 2968 1256 3030; x_wconf 77' lang='lat' dir='ltr'>sequentibUS,</span> <span class='ocrx_word' id='word_1_267' title='bbox 1292 2984 1636 3032; x_wconf 86' lang='lat' dir='ltr'>quaecumque</span> <span class='ocrx_word' id='word_1_268' title='bbox 1669 2985 1810 3019; x_wconf 74' lang='lat' dir='ltr'>accu-</span> 
     </span>
    </p>
   </div>
  </div>
 </body>
</html>
