2014 3412
1033 257 1094 306 90

269 399 487 447 κτεινῃ
531 383 684 431 τινά
731 385 782 431 et
828 382 910 431 VI.
947 385 974 443 ἓ
1009 382 1092 431 16;
1131 381 1455 444 διωμόσαντο
1492 384 1548 434 δὲ
1581 378 1720 435 οὗτοι
1752 386 1864 450 μὲν

270 472 542 517 κτεῖναί
564 488 638 530 με
677 467 954 526 Διόδοτονς
990 483 1088 531 quo
1124 469 1283 517 altero
1310 469 1418 517 loeo
1447 470 1661 520 libenter
1686 487 1850 522 assen-

268 555 369 602 tior
413 554 772 613 Herwerdeno‚
819 554 905 616 qui
952 554 1006 600 in
1051 554 1464 615 subsequentibus
1499 570 1718 618 quoque:
1756 558 1852 622 ἐγώ

270 638 325 688 δὲ
361 641 429 700 μὴ
465 639 789 698 ἀποκτεῖναι,
825 638 1242 701 praepositionem
1274 637 1372 686 dno
1401 638 1554 687 deleri
1581 640 1735 689 iubet.
1754 641 1850 702 At,

267 728 326 773 ut
372 725 633 773 redeamus
679 724 741 771 ad
784 726 1010 771 nostram
1057 721 1161 782 §57
1179 758 1191 780 ,
1240 723 1347 770 iure
1395 723 1690 772 Weidnerus
1725 725 1848 773 mihi

267 811 545 858 restituisse
573 810 773 858 videtur
800 808 1009 856 verbum
1028 807 1301 855 ἀπέκτεινα
1318 843 1329 865 ,
1351 822 1466 854 oum
1484 809 1625 856 nulla
1641 809 1848 872 allegari

268 895 424 957 possit
452 909 600 941 eausa
629 893 692 939 ad
721 892 997 940 breviorem
1024 891 1239 940 formam
1257 893 1457 940 ἔκτεινα
1476 892 1848 943 defendendam.

338 979 538 1026 Ibidem:
603 979 694 1026 καὶ
745 979 826 1032 τίς
878 979 1066 1025 πώποτε
1115 979 1460 1040 χαριζόμενος
1513 979 1660 1042 ἑτέρῳ
1708 985 1852 1028 τοῦτο

271 1064 542 1129 εἰργάσατο
555 1082 580 1122 ,-
625 1061 778 1125 οἶμαι
822 1061 919 1122 μὲν
966 1063 1063 1126 γάρ
1104 1061 1318 1118 οὐδένα,
1365 1063 1491 1110 ἀλλὰ
1525 1062 1607 1111 δεῖ
1629 1064 1854 1128 μεγάλην

272 1153 362 1209 τὴν
411 1151 619 1213 ἔχθραν
653 1150 900 1212 ὑπάρχειν
933 1155 1000 1211 τῷ
1033 1155 1179 1197 τοῦτο
1211 1149 1446 1209 μέλλοντι
1482 1155 1732 1209 ποιήσειν,
1762 1149 1859 1198 καὶ

274 1239 364 1295 τὴν
396 1238 643 1300 πρόνοιαν
678 1237 732 1284 ἐκ
761 1235 938 1283 πολλοῦ
968 1236 1191 1297 φανεράν
1220 1232 1354 1282 εἶναι
1385 1235 1854 1296 ἐπιβουλευομένην.

274 1322 413 1378 Quod
455 1322 508 1368 in
554 1321 789 1369 extremis
835 1320 912 1366 his
958 1320 1121 1368 verbis
1168 1319 1374 1367 Pahlius
1414 1319 1766 1381 „Antiphontis
1800 1322 1853 1368 et

274 1421 402 1468 quae
447 1406 592 1467 volgo
637 1405 741 1452 eius
782 1404 1013 1451 feruntur
1063 1403 1361 1462 orationes'',
1396 1403 1546 1451 Jever
1585 1403 1731 1462 1874,
1765 1419 1855 1466 pro

274 1491 498 1538 codicum
541 1489 848 1548 16613ἰοηθ,ἐκ
882 1488 1072 1536 πολλῶν
1106 1487 1335 1551 φανεράν
1369 1485 1505 1535 εἶναι
1539 1487 1866 1549 ἐπιρὀυλιευο-Υ

273 1580 459 1639 μένην,
522 1575 754 1623 coniecit:
810 1575 863 1622 ἐκ
913 1570 1092 1623 πολλοῦ
1143 1571 1279 1622 εἶναι
1334 1574 1856 1636 ε’πιβεβουλευμένην)

276 1676 391 1708 eum
425 1659 787 1708 Herwerdenus
822 1659 1004 1706 Mnem.
1040 1658 1112 1706 XI
1147 1674 1257 1720 pag.
1297 1659 1387 1705 215
1423 1659 1645 1718 edocuit,
1674 1661 1725 1707 et
1743 1660 1855 1708 πολ-

275 1747 377 1794 λῶν
417 1747 551 1792 reote
595 1758 646 1791 se
680 1743 863 1790 habere
897 1745 949 1791 et
982 1757 1085 1791 voe.
1121 1743 1375 1806 φανεράν,
1410 1759 1508 1805 quo
1542 1744 1856 1792 referendum

276 1833 342 1880 sit
395 1831 527 1890 559:
581 1830 679 1894 ἐγὼ
723 1827 820 1890 μὲν
865 1829 962 1893 γάρ
1002 1835 1092 1877 σοῦ
1139 1829 1433 1892 φανεράν
1476 1831 1566 1888 τὴν
1607 1834 1857 1893 πρόνοιαν

277 1917 351 1972 εἰς
386 1914 474 1978 ἐμὲ
511 1914 844 1975 ἀποδείκνυμι
860 1952 871 1974 ,
912 1930 1057 1977 aegre
1096 1915 1376 1963 desiderari.
1420 1915 1855 1965 Condemnandam

276 2005 447 2050 autem
483 2017 586 2050 esse
617 2002 884 2049 lectionem
922 2001 1403 2062 ἐπιβουλευομένην,
1438 2001 1532 2049 hae
1566 2000 1626 2048 de
1655 2015 1709 2049 re
1724 2001 1858 2049 inter

275 2089 548 2149 utrumque
598 2086 857 2144 convenit,
911 2086 996 2134 sed
1046 2086 1121 2133 ita
1170 2086 1429 2144 convenit,
1480 2087 1566 2144 ut,
1617 2086 1750 2148 quod
1793 2085 1858 2133 ad

277 2186 478 2227 causas,
525 2171 588 2219 ob
634 2185 757 2232 quas
802 2170 927 2216 illud
973 2170 1274 2218 vocabulum
1309 2170 1583 2232 genuinum
1617 2185 1719 2218 non
1752 2185 1856 2219 esse

275 2256 524 2314 iudicent,
558 2270 710 2316 quam
746 2254 963 2301 maxime
991 2254 1312 2312 dissentiant;
1344 2270 1462 2301 nam
1493 2255 1623 2316 quod
1653 2254 1857 2303 Pahlius

277 2341 409 2402 ipsa,
444 2354 593 2401 quam
628 2338 840 2400 protulit
876 2338 1160 2386 coniectura
1194 2339 1459 2386 concedere
1494 2338 1718 2397 videtur,
1753 2338 1855 2386 scil.

278 2427 523 2488 πρόνοιαν
585 2423 1004 2485 ἐπιβουλεύεσθαι
1055 2439 1142 2485 per
1191 2438 1243 2470 se
1294 2424 1575 2484 spectatum
1624 2425 1758 2470 reete
1806 2437 1858 2471 se

277 2510 459 2557 habere
475 2546 486 2568 ,
532 2509 583 2556 id
626 2509 986 2557 Herwerdenus
1019 2508 1210 2570 optimo
1244 2508 1352 2555 iure
1385 2507 1649 2565 infitiatur,
1689 2521 1856 2568 „prae-

279 2594 688 2642 meditationem”
734 2594 867 2642 enim
900 2593 1068 2655 inquit
1099 2593 1177 2641 vir
1210 2591 1522 2639 doctissimus
1561 2591 1684 2648 „diei
1718 2605 1859 2653 posse

281 2679 729 2742 ἐπιβουλεύεσθαι,
779 2694 879 2727 non
924 2678 1022 2725 nisi
1066 2677 1290 2739 exemplo
1335 2676 1498 2724 vietus
1545 2675 1858 2724 concedam.''

272 2765 347 2812 Et
390 2764 610 2826 profecto
626 2801 637 2823 ,
685 2778 765 2811 me
809 2777 1006 2825 quoque
1050 2762 1151 2808 iam
1186 2761 1374 2808 dudum
1410 2775 1469 2808 ea
1500 2775 1577 2808 res
1610 2760 1742 2808 male
1774 2760 1860 2807 ha-

280 2849 419 2908 buit,
471 2851 677 2910 eratque
729 2862 817 2895 eur
867 2847 1166 2895 conieerem:
1220 2845 1753 2908 ἐπιβεβουλευμένων,
1797 2844 1860 2891 ad

283 2934 580 2982 antecedens
616 2934 669 2982 ἐκ
703 2933 893 2981 πολλῶν
926 2931 1254 2980 referendum.
