2014 3412
949 282 1012 331 63

171 409 299 460 vitia
333 411 449 458 orta
483 409 607 470 sint,
645 409 866 458 indicare
900 423 1181 472 possumus.
1211 408 1425 457 Videtur
1453 409 1589 458 enim
1617 410 1774 459 lector

169 494 375 557 quidam
390 531 403 555 ,
453 495 732 543 arbitratus
746 532 758 555 ,
812 495 1094 543 subiectum
1147 494 1315 543 deesse
1365 495 1554 543 verbis:
1609 498 1700 543 ἵνα
1743 493 1773 558 ᾗ

168 581 323 643 ὑμῖν,
375 580 611 629 adiecisse
662 580 866 628 inutilia
915 579 1029 627 illa:
1077 582 1106 638 ἡ
1154 581 1343 628 τούτων
1389 580 1638 640 βιαιότης
1683 581 1776 629 καὶ

169 670 500 731 παρανομία,
535 681 652 715 eum
684 680 801 714 vero
837 665 1179 714 intolerabilia
1207 665 1311 713 iam
1342 665 1634 714 viderentur
1662 682 1773 715 ver-

168 753 258 802 ba:
295 754 612 815 παρανόμων
646 752 736 799 καὶ
771 751 968 812 βιαίων
988 787 1000 809 ,
1034 751 1157 799 haee
1192 750 1370 799 deinde
1406 752 1643 813 corrupta
1670 766 1775 799 esse

166 838 312 888 facile
345 839 608 888 eredimus,
645 866 707 873 —
737 837 970 885 Fortasse
1001 838 1172 884 autem
1207 836 1270 883 ad
1305 836 1578 899 genuinam
1605 837 1775 885 lectio-

168 939 286 974 nem
328 924 534 988 propius
569 923 890 982 accedemus,
925 922 967 970 si
1000 922 1251 985 legemus:
1293 922 1498 970 ἀλλ’ἴνα
1532 917 1560 985 ᾖ
1595 927 1772 983 τεκμή-

166 1027 279 1074 ριον
310 1002 441 1072 ὑμῖν
475 1010 567 1058 καί
600 1015 702 1057 τῶν
736 1008 900 1055 ἄλλων
935 1007 1036 1066 (ἃ)
1070 1010 1546 1072 πραγματεύεται
1575 1009 1650 1064 εἰς
1684 1007 1772 1068 ἐμὲ

163 1099 192 1156 ἡ
226 1099 420 1146 τούτων
453 1096 702 1158 βιαιότης
737 1096 828 1142 καὶ
866 1094 1184 1158 παρανομία.

229 1181 466 1230 Ceterum
510 1181 699 1229 iberum
746 1181 902 1242 atque
948 1179 1136 1228 iterum
1176 1180 1430 1228 monitum
1465 1179 1618 1229 velim
1639 1217 1651 1240 ,
1686 1196 1768 1229 me

163 1267 295 1316 hane
335 1273 391 1316 et
434 1267 560 1314 alias
607 1266 852 1315 eiusmodi
889 1266 1201 1314 coniecturas
1236 1281 1337 1314 non
1371 1268 1432 1314 ut
1465 1268 1627 1314 certas
1656 1281 1770 1328 pro-

162 1353 320 1414 ferre,
365 1353 451 1402 sed
496 1353 547 1401 id
592 1352 951 1400 tantummodo
998 1352 1219 1400 indicare
1254 1352 1481 1412 studere,
1517 1353 1768 1414 quomodo

162 1439 482 1488 difficultates
497 1475 509 1498 ‚
551 1438 734 1501 quibus
779 1438 1027 1498 offendar,
1069 1437 1309 1486 facillime
1343 1438 1594 1487 removeri
1627 1453 1771 1501 posse

163 1528 359 1589 putem.

229 1613 259 1673 ἓ
281 1611 354 1660 10.
386 1612 522 1673 φασὶ
556 1610 613 1659 δὲ
650 1611 777 1659 αὐτό
807 1628 861 1674 γε
892 1611 1015 1664 (τὸ)
1046 1610 1363 1659 ἀποκτείνειν
1395 1613 1534 1674 μέγα
1554 1610 1766 1673 κακούρ·

164 1716 304 1762 γημα
338 1695 499 1754 εἶναι,
532 1698 626 1746 καὶ
655 1697 751 1761 ἐγὼ
782 1696 1013 1760 ὁμολογῶ
1042 1697 1292 1760 μέγιστόν
1321 1716 1401 1760 γε,
1434 1697 1524 1745 καὶ
1554 1697 1612 1744 τὸ
1642 1702 1768 1759 ἱερο-

164 1783 336 1832 συλεῐν
377 1784 466 1831 καὶ
513 1783 573 1831 τὸ
616 1780 925 1846 προδιδόναι
976 1783 1068 1840 τὴν
1101 1781 1263 1830 πόλιν·
1311 1782 1581 1845 legendum
1617 1783 1766 1844 puto:

163 1871 298 1932 φασὶ
331 1867 388 1919 δὲ
418 1871 545 1918 αὐτὸ
571 1868 918 1917 τάποκτείνειν
948 1872 1083 1932 μέγα
1116 1870 1450 1933 κακούργημα
1476 1866 1645 1924 εἶναι,
1677 1868 1768 1914 καὶ

164 1957 264 2022 ἐγὼ
299 1957 546 2022 ὁμολογῶ·
581 1957 835 2020 μέγιστόν
871 1974 933 2003 τε
968 1956 1058 2003 καὶ
1093 1971 1140 2017 q.
1171 1970 1209 2003 s.

229 2044 259 2103 ἓ
292 2043 366 2090 11.
411 2044 584 2091 ἔπειτα
630 2040 716 2100 δέ,
753 2043 781 2090 ὃ
817 2043 1019 2097 πάντας
1056 2038 1208 2102 οἶμαι
1241 2042 1379 2101 ὑμᾶς
1415 2041 1763 2098 ἐπίστασθαι,

165 2128 373 2178 ἅπαντα
420 2129 487 2177 τά
528 2128 837 2193 δικαστήρια
884 2129 940 2176 ἐν
973 2130 1213 2192 ὑπαίθρῳ
1250 2126 1448 2186 δικάζει
1484 2128 1579 2183 τοὶς
1615 2126 1770 2183 δίκας

165 2219 255 2264 τοῦ
299 2217 488 2276 φόνου,
535 2214 740 2271 οὐδενὸς
785 2214 938 2262 ἄλλου
987 2218 1131 2263 ἕνεκα
1179 2217 1207 2273 ἢ
1255 2216 1346 2262 ἵνα
1395 2219 1544 2263 τοῦτο
1584 2213 1682 2276 μὲν
1717 2221 1773 2263 οἱ

166 2300 419 2350 δικασταὶ
462 2304 534 2364 μὴ
582 2304 732 2350 ἴωσιν
765 2303 841 2357 εἰς
875 2302 933 2349 τὸ
966 2301 1095 2349 αὐτὸ
1128 2308 1240 2356 τοῖς
1275 2302 1347 2362 μὴ
1384 2304 1643 2364 καθαροῖς
1676 2301 1771 2356 τας

164 2394 376 2452 χεῖρας,
423 2394 571 2437 τοῦτο
619 2386 675 2436 δὲ
712 2389 739 2436 ὁ
774 2385 980 2436 διώκων
1025 2390 1114 2446 τὴν
1159 2384 1308 2445 δίκην
1353 2392 1441 2435 τοῦ
1477 2389 1640 2448 φόνου
1676 2390 1766 2436 ἵνα

164 2475 235 2538 μὴ
295 2477 590 2539 ὁμωρόφιος
640 2476 882 2539 γίγνηται
934 2479 1004 2537 τῷ
1055 2474 1296 2537 αὐθέντῃ.
1352 2472 1649 2522 Rectissime
1704 2474 1768 2522 ab

164 2560 500 2610 Herwerdeno
545 2561 714 2609 deleta
757 2561 860 2608 iam
906 2562 981 2608 est
1023 2559 1274 2622 particula
1308 2561 1398 2608 ἵνα
1435 2562 1555 2608 ante
1588 2560 1769 2609 verba:

163 2649 233 2708 μὴ
267 2648 562 2710 ὁμωρόφιος
597 2647 835 2710 γίγνηται
873 2652 939 2709 τῷ
974 2646 1226 2709 αὐθέντῃ,
1265 2645 1398 2708 quod
1426 2645 1521 2694 hoe
1549 2646 1766 2694 vocabu-

165 2733 272 2781 lum
292 2733 345 2780 in
363 2732 511 2780 initio
529 2732 753 2794 positum
772 2732 963 2795 pariter
981 2733 1177 2794 spectat
1193 2731 1257 2778 ad
1277 2732 1550 2794 utrumque
1570 2747 1601 2779 a
1619 2738 1768 2780 τοῦτο

164 2822 265 2882 μέν
311 2821 364 2868 et
406 2825 551 2868 τοῦτο
593 2816 657 2866 δέ
684 2818 983 2866 institutum
1020 2817 1319 2865 membrum.
1373 2815 1469 2865 Sed
1504 2817 1768 2879 praeteriit

164 2905 334 2955 virum
379 2904 855 2953 excellentissimum
871 2940 882 2962 ‚
927 2903 1139 2951 eandem
1184 2902 1247 2950 ob
1295 2917 1501 2950 eausam
1537 2904 1767 2965 suspecta

166 3005 296 3051 esse,
347 3005 478 3052 quae
529 2989 837 3052 praecedunt
887 2988 1063 3037 verba:
1112 2990 1205 3046 τὴν
1251 2986 1401 3044 δίκην
1441 2994 1529 3037 τοῦ
1572 2990 1736 3049 φόνου
1753 3024 1767 3049 ,
