2014 3412
978 309 1038 357 29

208 435 370 499 pendo
385 472 398 495 ‚
448 437 533 494 ut,
585 450 714 498 quae
764 435 972 484 tolerari
1024 435 1205 482 saltem
1257 434 1416 496 possit
1431 471 1442 489 ‚
1497 435 1803 482 sententiam

209 535 411 577 eruam,
458 536 516 570 60
562 521 724 584 magis
759 535 841 568 me
876 520 1170 583 opprimunt
1206 520 1433 582 singulae
1469 519 1801 567 difficultates.

207 606 268 655 In
302 606 485 668 quibus
519 606 765 654 diluendis
801 621 916 653 cum
952 605 1115 652 malus
1150 620 1231 652 me
1259 605 1534 652 frustratus
1564 604 1631 651 sit
1659 619 1805 652 even-

205 693 317 750 1116,
350 691 558 739 tandem
593 690 862 753 aliquando
897 705 983 753 spe
1017 689 1239 737 deiectus
1271 689 1472 745 destiti,
1503 690 1806 751 persuadens

205 776 358 833 mihi,
403 776 572 825 locum
617 791 718 825 non
763 776 946 832 talem,
993 775 1198 837 qualem
1243 789 1378 822 nunc
1405 775 1711 832 habeamuS,
1742 776 1805 823 ab

205 863 404 911 oratore
437 861 680 925 proficisci
713 862 950 922 potuisse.
986 861 1121 910 Reus
1151 861 1313 918 enim,
1345 868 1406 909 ut
1434 861 1536 908 iam
1567 861 1630 908 ab
1660 861 1806 909 initio

203 947 440 1011 incipiam
457 984 470 1003 ,
505 947 760 1010 perhibet,
796 962 900 996 sese
935 962 1037 995 non
1071 947 1344 995 obnoxium
1373 962 1478 995 esse
1507 947 1632 1009 legi,
1664 947 1804 994 cuius

203 1032 502 1090 interdicto,
554 1049 611 1079 ne
652 1034 754 1097 quis
799 1049 1060 1097 quemquam
1097 1049 1176 1079 nec
1208 1034 1308 1079 iure
1342 1050 1421 1080 nec
1454 1033 1625 1080 iniuria
1662 1034 1804 1079 inter-

186 1120 353 1182 ficiat,
383 1118 597 1176 fretum,
629 1122 974 1167 accusatorem
1004 1134 1056 1167 se
1084 1119 1136 1167 111
1164 1119 1242 1166 1116
1272 1118 1498 1181 rapuisse
1528 1119 1802 1167 contendit.

202 1203 393 1253 Deinde
438 1206 612 1252 autem
657 1204 750 1252 hoc
794 1205 869 1252 ita
914 1204 1255 1261 demonstrat,
1299 1234 1360 1240 —
1394 1220 1512 1252 nam
1550 1205 1638 1264 116,
1675 1220 1804 1267 quae

203 1290 482 1351 sequantur
509 1289 640 1337 hanc
668 1289 974 1352 explicatum
1003 1290 1066 1337 iri
1095 1290 1402 1338 sententiam
1419 1329 1429 1347 ‚
1460 1290 1584 1338 satis
1614 1290 1805 1338 indicat

202 1375 334 1437 part.
381 1375 482 1438 γάρ
525 1403 588 1410 -
636 1377 697 1423 ut
742 1390 848 1424 sese
894 1381 985 1422 tam
1033 1377 1316 1423 voluntariae
1350 1393 1480 1440 quam
1516 1377 1658 1423 invite
1693 1394 1804 1423 com-

202 1459 366 1507 missae
400 1461 550 1508 caedis
585 1461 769 1507 crimine
797 1461 968 1508 absolvi
992 1461 1246 1523 perhibeat.
1295 1460 1417 1508 Cum
1448 1461 1546 1509 huc
1574 1461 1778 1510 accedat
1795 1501 1807 1520 ‚

202 1545 338 1607 quod
386 1545 439 1592 111
493 1560 552 1594 66
567 1584 579 1602 ,
632 1561 783 1608 quam
833 1546 952 1595 fecit
996 1548 1257 1595 accusator
1302 1547 1530 1595 oratione
1546 1581 1559 1605 ‚
1606 1547 1804 1595 nullum

202 1630 492 1679 inveniatur
519 1632 732 1680 verbum
761 1632 821 1680 de
849 1632 958 1681 iure
986 1633 1067 1680 vel
1094 1632 1280 1679 iniuria
1295 1669 1307 1691 ,
1336 1647 1438 1694 qua
1466 1633 1576 1695 quis
1601 1633 1802 1681 caedem

202 1718 404 1780 patrare
437 1717 622 1779 possit,
659 1733 823 1780 neque
853 1733 913 1766 ex
943 1718 1106 1766 altera
1134 1721 1280 1780 parte
1311 1718 1591 1781 exspectari
1618 1718 1803 1780 possit,

201 1801 364 1865 legem
377 1841 389 1859 ,
421 1803 650 1851 omnium
676 1804 927 1852 iustarum
944 1804 1203 1852 actionum
1222 1803 1461 1852 tutricem
1476 1842 1487 1860 ‚
1506 1804 1565 1852 τὸ
1584 1802 1805 1860 δικαίως

203 1886 518 1937 ἀποκτείνειν
562 1891 760 1949 vetare,
810 1890 896 1938 vix
940 1905 972 1936 a
1019 1905 1100 1937 me
1148 1889 1423 1952 impetrare
1467 1904 1697 1951 possum,
1745 1893 1805 1938 ut

203 1974 359 2024 verba
403 1974 457 2022 in
502 1975 598 2024 hoc
638 1976 819 2023 saltem
854 1990 1080 2024 connexu
1116 1975 1178 2023 ab
1213 1977 1413 2023 oratore
1447 1974 1671 2037 profecta
1703 1978 1804 2024 sta-

204 2062 362 2110 tuam.
416 2059 542 2108 Cum
589 2060 761 2108 omnia
793 2061 951 2123 igitur
985 2061 1212 2109 codicum
1246 2061 1515 2110 lectionem
1550 2060 1799 2117 refutent,

203 2161 294 2210 ego
321 2145 425 2194 iam
454 2161 557 2194 non
585 2148 865 2203 cunctarer,
895 2147 1072 2195 audaci
1102 2162 1259 2194 manu
1284 2162 1524 2210 reponere
1558 2147 1634 2205 id,
1670 2148 1804 2209 quod

203 2232 264 2280 cl.
314 2230 348 2280 ὃ
391 2233 420 2292 ἓ
460 2231 516 2291 8,
561 2232 738 2280 statim
787 2232 1083 2295 unicuique,
1120 2234 1300 2295 utpote
1336 2233 1452 2280 huic
1486 2234 1594 2281 loco
1628 2248 1717 2295 per
1751 2248 1803 2280 se

203 2319 428 2381 spectato
461 2318 588 2366 bene
622 2318 922 2367 conveniens
937 2357 949 2375 ‚
979 2319 1031 2366 in
1062 2321 1285 2367 mentem
1315 2320 1482 2375 venit,
1514 2319 1643 2367 scil.:
1679 2323 1803 2381 μήτε

205 2402 448 2459 ἑκουσίως
491 2408 613 2466 μήτε
657 2403 939 2464 ἀκουσίως,
983 2404 1106 2463 11161,
1146 2407 1206 2452 ut
1251 2405 1524 2467 prudenter
1558 2409 1803 2468 cauteque

203 2505 412 2554 agamus
427 2527 438 2546 ,
473 2493 735 2539 monerent
762 2490 917 2539 verba
945 2490 1249 2538 accusatoris
1280 2491 1307 2550 ἓ
1339 2490 1392 2540 7:
1426 2491 1485 2547 ὃς
1507 2489 1803 2556 ἀπαγορεύει

203 2580 323 2638 μήτε
358 2574 573 2632 δικαίως
605 2581 728 2640 μήτε
762 2575 958 2633 ἀδίκως
986 2577 1319 2625 ἀποκτείνειν.
1367 2577 1613 2633 Quoniam
1646 2578 1804 2641 igitur

203 2663 383 2723 verba,
426 2677 556 2726 quae
604 2665 657 2711 et
702 2665 874 2711 nostro
921 2664 974 2711 et
1019 2662 1274 2724 sequentis
1309 2663 1658 2712 oratiunculae
1693 2665 1802 2713 loco

202 2749 411 2798 laudato
455 2749 738 2798 offensionis
784 2749 934 2811 plena
967 2750 1087 2796 sunt
1102 2787 1113 2805 ,
1150 2763 1252 2796 non
1287 2751 1479 2798 temere
1513 2750 1802 2798 coniectura

202 2834 506 2887 removenda
535 2850 665 2894 esse,
694 2837 929 2897 apparet,
959 2834 1095 2882 haud
1123 2834 1223 2883 scio
1238 2873 1250 2891 ,
1281 2850 1347 2882 611
1365 2835 1606 2898 suspicari
1623 2836 1800 2894 liceat,

203 2921 524 2970 obscuratam
570 2936 700 2980 esse,
747 2921 827 2970 vel
875 2920 1042 2983 potius
1088 2920 1324 2968 excidisse
1369 2921 1608 2969 subt-ilem
1655 2937 1801 2985 argu-

206 3005 599 3065 mentationem,
644 3021 745 3068 qua
783 3006 946 3068 legem
979 3005 1033 3053 in
1067 3020 1118 3054 se
1151 3021 1253 3054 non
1287 3006 1559 3068 quadrare,
1598 3007 1800 3056 demon-
