2014 3412
976 291 980 294 ·
1004 266 1093 313 102

245 393 429 454 inesse,
475 409 564 457 ego
613 409 765 456 quam
803 378 1025 462 ‘maxime
1072 392 1293 454 suspicor
1310 429 1321 448 ‚
1357 392 1451 440 etsi
1486 391 1612 439 nihil
1645 391 1807 439 adhuc
1821 426 1833 450 ,

248 479 380 541 quod
414 480 535 527 satis
570 481 770 542 placeat
804 479 1087 542 excogitare
1122 478 1278 526 valeo.

313 564 496 627 Magna
539 565 592 612 in
627 565 949 627 sequentibus
985 563 1105 612 viris
1139 562 1296 610 doctis
1331 562 1447 611 inde
1482 564 1603 610 nata
1638 564 1715 611 est
1747 562 1835 610 dif-

248 649 470 708 ficultas,
520 649 678 711 quod,
723 664 850 711 quae
895 648 1058 697 verbis
1103 648 1222 702 τούς
1266 650 1364 708 μέν
1412 647 1708 709 respondere
1752 662 1835 696 ex-

249 736 554 796 spectamus:
591 735 708 790 τοὺς
739 732 803 782 δέ
825 734 1012 781 frustra
1040 734 1366 795 quaeruntur.
1396 732 1474 780 Ne
1500 733 1657 795 igitur
1674 732 1835 781 oratio

250 819 553 868 claudicaret
569 857 580 879 ,
606 820 835 868 Reiskius
851 857 862 875 ,
894 833 1042 880 quem
1072 818 1386 879 Maetznerus
1402 817 1435 864 J
1437 817 1836 879 ernstedtiusque

251 905 409 952 secuti
442 906 589 963 sunt,
625 905 758 953 inter
787 905 1048 966 πολεμίοις
1078 911 1186 958 τοῖς
1215 904 1476 966 ὑμετέροις
1506 904 1558 950 et
1575 902 1665 950 καὶ
1683 900 1836 958 δίκας

249 987 349 1036 ἀπὸ
401 990 679 1051 ξυμβόλων
728 989 939 1036 inseruit
991 989 1210 1036 alterum
1260 988 1543 1036 membrum
1593 987 1709 1044 τοὺς
1753 986 1837 1047 δέ,

251 1074 467 1122 Blassius
501 1089 620 1123 vero
654 1073 1116 1135 Herwerdenusque
1149 1073 1200 1120 id
1234 1073 1463 1135 supplere
1499 1073 1698 1121 malunt
1723 1074 1837 1135 post

250 1158 622 1207 antecedentia:
687 1158 761 1214 εἰς
825 1160 914 1217 τὴν
966 1161 1164 1221 ἤπειρον
1217 1158 1412 1215 ἰόντας.
1464 1157 1587 1205 Cum
1638 1146 1836 1217 autem,

253 1243 385 1304 quod
429 1243 660 1291 Reiskius
708 1243 991 1306 proposuit,
1028 1258 1058 1289 a
1093 1243 1343 1290 sententia
1378 1244 1512 1291 recte
1545 1257 1597 1290 se
1630 1242 1837 1302 habeat,

254 1328 483 1390 equidem
501 1366 512 1383 ,
573 1329 705 1390 quod
762 1329 825 1376 ad
881 1328 1192 1376 Blassianam
1257 1328 1622 1386 coniecturam,
1677 1341 1840 1388 neque

252 1412 372 1475 quid
407 1427 466 1461 ea
499 1413 754 1461 lucremur
787 1413 956 1472 video,
991 1428 1178 1474 neque,
1209 1412 1454 1475 quomodo
1486 1411 1688 1460 omnino
1717 1411 1840 1459 satis

253 1497 450 1545 defendi
495 1498 653 1559 possit
701 1498 951 1560 intellego.
975 1496 1146 1556 Nam,
1188 1497 1229 1544 si
1264 1497 1339 1544 ita
1372 1497 1677 1559 legeremus,
1710 1495 1840 1543 filius

255 1582 372 1638 τοὺς
418 1582 492 1638 εἰς
538 1584 629 1641 τὴν
671 1586 874 1646 ἤπειρον
919 1581 1100 1637 ἰόντας
1147 1596 1197 1629 Se
1231 1581 1501 1630 subducere
1535 1580 1722 1629 diceret
1754 1579 1847 1639 iis,v

253 1683 381 1729 quae
430 1667 627 1715 civitati
672 1668 934 1726 deberent,
982 1667 1189 1729 ideoque
1235 1667 1389 1714 etiam
1436 1667 1659 1728 patrem,
1691 1679 1841 1727 quem

251 1753 324 1808 εἰς
373 1755 461 1809 τὴν
498 1755 697 1816 ἤπειρον
732 1753 880 1800 ivisse
915 1767 1165 1813 nusquam
1201 1753 1377 1813 negat,
1413 1750 1544 1798 idem
1579 1751 1842 1812 peccatum

254 1837 558 1885 commisisse
592 1837 894 1885 concederet.
936 1836 1078 1883 Vides
1094 1872 1105 1894 ‚
1135 1838 1442 1897 quantopere
1459 1835 1576 1882 talis
1593 1834 1844 1883 sententia

253 1922 316 1968 ab
363 1922 448 1980 iis,
498 1937 625 1984 quae
670 1937 784 1970 reus
819 1936 993 1969 revera
1027 1921 1205 1968 dixisse
1239 1920 1492 1982 putandus
1526 1921 1629 1978 est,
1665 1919 1841 1968 abhor-

252 2009 376 2054 reat.
422 2006 533 2054 Nisi
582 2007 726 2055 valde
761 2006 935 2065 fallor,
970 2005 1092 2054 haec
1126 2005 1229 2053 fere
1263 2005 1513 2053 sententia
1546 2005 1840 2066 requiritur:

258 2091 337 2148 „Si
370 2091 498 2139 Aeni
534 2091 696 2154 degit,
732 2106 834 2138 non
868 2095 1041 2138 tamen
1078 2090 1171 2137 ulli
1207 2104 1325 2151 erga
1359 2089 1742 2137 Atheniensium
1776 2089 1842 2136 ci-

253 2177 467 2224 vitatem
503 2192 554 2224 se
591 2176 823 2224 subducit
859 2175 1042 2234 officio,
1078 2175 1209 2236 quod
1244 2176 1433 2222 ceteros
1467 2174 1520 2220 in
1547 2173 1720 2221 Asiam
1750 2173 1843 2220 mi-

253 2262 455 2324 grantes
517 2261 678 2308 facere
736 2260 962 2309 videmus
978 2296 989 2318 ‚
1037 2259 1126 2320 qui
1169 2274 1269 2306 non
1315 2259 1477 2306 solum
1521 2259 1575 2305 in
1620 2258 1842 2306 hostium
1901 2315 1909 2322 ἱ

253 2345 375 2392 fines
420 2345 557 2393 sedes
603 2344 924 2392 fortunarum
959 2358 1164 2390 suarum
1197 2343 1536 2401 transferunt,
1572 2343 1656 2390 sed
1694 2341 1842 2390 Athe-

255 2430 450 2478 nienses
513 2430 688 2476 litibus
750 2443 947 2490 quoque
1008 2427 1316 2476 mercatoriis
1378 2426 1610 2475 vexant.”
1673 2426 1842 2486 Hanc,

252 2529 406 2575 quam
444 2515 508 2561 ab
543 2514 681 2562 omni
714 2515 858 2575 parte
892 2515 1027 2561 recte
1061 2528 1112 2560 se
1145 2513 1327 2560 habere
1361 2514 1485 2574 puto
1521 2511 1841 2569 sententiam,

250 2598 326 2645 ita
381 2598 505 2644 mihi
560 2598 797 2646 facillime
853 2597 1117 2645 restituere
1164 2596 1355 2654 videor,
1404 2598 1464 2643 ut
1502 2596 1690 2643 inserto
1725 2599 1844 2644 ante

253 2683 451 2746 ἑτέρους
499 2683 712 2730 articulo
759 2684 904 2738 τούς,
938 2681 1037 2730 levi
1071 2681 1457 2742 transpositione
1491 2680 1741 2742 legamus:
1780 2707 1832 2714 -

251 2770 410 2831 ὥσπερ
456 2767 639 2828 (τοὺς)
688 2767 885 2831 ἑτέρους
933 2767 1182 2831 ὁρῶμεν
1226 2765 1340 2820 τοὺς
1387 2765 1459 2821 εἰς
1504 2767 1592 2823 τὴν
1641 2766 1840 2827 ἤπειρον

254 2853 454 2910 ἰόντας,
491 2854 583 2901 καὶ
619 2854 711 2912 (ita
747 2853 906 2914 codd.)
942 2853 1220 2907 οἰκοῦντας
1251 2868 1296 2913 q.
1319 2867 1354 2899 s.
1391 2851 1622 2899 Ceterum
1652 2851 1704 2898 in
1734 2865 1841 2899 ver-

252 2939 327 2988 bis
361 2942 453 2989 καὶ
486 2939 756 2995 οἰκοῦντας
787 2968 846 2975 -
880 2939 967 2987 καὶ
991 2937 1362 2999 δικαζομένους
1379 2937 1651 2999 particulas
1669 2937 1766 2984 καί
1781 2964 1840 2970 ——
