2014 3412
0 1163 28 1255 ¹2

0 1244 26 1314 ¹

0 1319 3 1356 ὶ

0 1367 2 1390 >

0 1407 3 1436 f

978 316 1036 364 51

206 441 406 491 bantur.
452 439 632 504 Itaque
678 456 807 505 nego
845 442 1033 490 iustam
1068 456 1272 490 causam
1307 442 1479 491 adesse
1496 479 1508 503 ,
1544 458 1632 491 cur
1666 444 1806 494 obse-

203 541 421 590 quamur
454 526 736 590 Hirschigio
770 528 926 576 verba
954 527 1171 587 delenti,
1200 543 1330 590 quae
1357 530 1561 576 tantam
1588 529 1808 578 habeant

205 611 312 661 vim
344 610 409 658 ad
441 611 754 660 incitandam
789 612 1013 661 iudicum
1048 612 1466 675 indignationem.

270 696 329 759 β.
360 698 389 758 ἓ
415 697 461 745 4.
508 698 851 762 προλεγόντων
896 698 995 763 γάρ
1039 698 1176 762 αύτῷ
1220 702 1326 748 τῶν
1377 699 1541 748 ἄλλων
1585 699 1807 764 ἰατρῶν,

203 782 256 832 εἰ
281 784 471 841 ταύτην
504 786 596 842 τὴν
632 784 908 847 θεραπείαν
945 787 1331 848 θεραπεύσοιτο,
1366 785 1448 832 ὅτι
1485 785 1702 848 ἰάσιμος
1733 788 1807 835 ὢν

205 866 644 934 διαφθαρήσοιτο,
692 868 908 931 δι’ύμᾶς
954 869 1070 925 τοὺς
1113 871 1445 932 συμβούλους
1489 871 1809 937 διαφθαρεὶς

206 956 321 1016 ἐμοὶ
355 952 571 1005 ἀνόσιον
603 957 828 1020 ἔγκλημα
865 956 1194 1020 προς-ἔβαλεν.
1231 956 1348 1005 Non
1384 959 1508 1019 puto
1545 957 1677 1019 fore,
1703 959 1808 1021 qui-

203 1040 298 1090 bus
346 1041 470 1090 haec
514 1041 693 1102 verba,
743 1042 784 1089 si
824 1042 1043 1091 severior
1089 1042 1149 1090 de
1193 1042 1254 1089 iis
1289 1042 1538 1091 habeatur
1572 1058 1808 1105 censura,

203 1126 404 1190 integra
435 1142 542 1177 esse
575 1128 869 1185 videantur;
905 1127 938 1176 J
940 1128 1244 1176 ernstedtius
1274 1128 1383 1177 iure
1412 1131 1526 1191 post
1555 1145 1662 1179 voc.
1684 1149 1810 1191 συμ-

203 1212 426 1276 βούλους
459 1213 711 1262 desiderat
746 1215 956 1263 verbum
993 1215 1338 1278 ἐπιτρεφθείς,
1383 1215 1443 1263 cf.
1475 1214 1677 1265 Observ.
1707 1218 1809 1265 An-

202 1299 330 1362 tiph.
375 1314 486 1363 pag.
540 1299 613 1350 17.
661 1299 787 1348 Cum
829 1302 1006 1348 autem
1059 1301 1133 1349 vir
1178 1301 1498 1349 doctissimus
1535 1302 1629 1350 hoc
1661 1318 1808 1351 voca-

205 1384 382 1432 bulum
419 1385 718 1434 restitutum
751 1385 866 1434 vult-
900 1387 1008 1435 loco
1044 1386 1332 1449 Participii:
1370 1386 1714 1450 διαφθαρείς,
1751 1403 1809 1437 eo

204 1469 310 1517 iam
337 1484 519 1533 parum
548 1473 684 1519 recte
711 1471 844 1534 agit,
875 1471 1009 1533 quod
1036 1473 1150 1519 tum
1179 1475 1470 1521 removet-ur
1488 1473 1644 1532 notio,
1663 1489 1810 1536 quae,

203 1554 246 1602 si
280 1555 447 1614 abest,
482 1570 585 1604 non
614 1556 781 1603 minus
811 1556 1150 1616 desideratur,
1177 1572 1332 1618 quam
1362 1558 1495 1620 quod
1523 1558 1811 1607 coniectura

203 1654 296 1688 sua
330 1640 615 1703 assequitur
629 1677 641 1700 ,
673 1641 908 1690 verbum:
943 1639 1278 1705 ἐπιτρεφθειζ.
1308 1642 1514 1691 Mallem
1530 1643 1564 1691 J
1566 1643 1811 1692 ernstedt-

204 1725 284 1774 ius
313 1728 429 1788 post
455 1725 786 1789 Participium
815 1725 1129 1791 διαφθαρείς
1147 1728 1463 1776 inseruisset:
1487 1730 1809 1794 ε’πιτρεφθειζς

202 1826 365 1874 neque
393 1811 664 1874 quicquam
690 1815 954 1874 praeterea
980 1816 1244 1863 mutasset.
1282 1813 1416 1862 Nam
1446 1815 1648 1864 conlato
1663 1853 1675 1875 ,
1708 1831 1807 1878 quo

202 1897 267 1945 ad
293 1897 416 1946 haec
440 1898 595 1946 verba
622 1898 956 1961 respondetur
970 1936 982 1959 ,
1009 1901 1141 1959 locO,
1160 1900 1262 1948 scil.
1283 1918 1330 1965 γ.
1353 1901 1382 1960 g
1401 1900 1446 1959 5,
1466 1900 1807 1950 desideramus

203 1984 320 2031 aut:
357 1981 429 2031 δι’
461 1986 600 2043 ὑμᾶς
638 1985 755 2040 τοὺς
789 1985 1119 2047 συμβούλους
1151 1991 1240 2034 τοῦ
1272 1987 1665 2050 ἐπιτρεφθῆναι.
1687 1990 1804 2036 aut:

204 2066 274 2116 δι’
310 2069 449 2130 ὑμᾶς
475 2069 594 2125 τοὺς
623 2071 1117 2132 συμβουλεύσαντας
1148 2072 1532 2136 ἐπιτρεφθῆναι.
1553 2072 1662 2121 Hoc
1679 2073 1804 2122 alte-

201 2170 318 2203 rum
364 2155 628 2218 amplexus
643 2191 655 2215 ,
700 2156 827 2204 mihi
863 2158 1125 2206 notionem
1158 2158 1491 2206 necessariam
1524 2158 1806 2207 restituisse

199 2239 397 2301 videor,
433 2240 644 2303 scripto:
684 2239 754 2289 δι’
788 2243 929 2302 ὑμᾶς
964 2243 1082 2299 τοὺς
1113 2248 1327 2299 (τοῦτο)
1347 2243 1807 2305 συμβουλεύσαν-

200 2344 320 2383 τας
362 2325 685 2391 διαφθαρείς
729 2331 866 2388 cett„
910 2329 963 2377 in
1011 2330 1193 2392 quibus
1238 2344 1344 2378 voc.
1395 2336 1544 2378 τοῦτο
1580 2331 1808 2392 spectans

200 2412 264 2460 ad
298 2413 479 2474 verba,
515 2429 646 2476 quae
676 2415 902 2476 proxime
920 2415 1255 2478 praecedunt:
1276 2415 1329 2464 εί
1339 2418 1531 2476 ταύτην
1549 2418 1638 2474 τὴν
1658 2420 1807 2478 θερα-

199 2499 348 2547 πείαν
399 2501 785 2562 θεραπεύσοιτο,
836 2500 973 2549 idem
1018 2501 1156 2550 valet
1202 2516 1284 2550 ac:
1313 2504 1504 2562 ταύτην
1534 2505 1624 2561 τὴν
1657 2507 1806 2565 θερα-

199 2585 348 2632 πείαν
381 2587 769 2647 θεραπεύεσθαι.

265 2673 294 2732 g
321 2670 367 2719 8.
401 2670 503 2719 Sub
549 2671 702 2720 finem
746 2670 990 2719 orationis
1038 2687 1185 2729 suae,
1221 2687 1363 2732 reuS,
1398 2689 1462 2722 ne
1497 2674 1800 2737 quidquam,

197 2755 331 2818 quod
361 2756 414 2804 in
448 2771 556 2805 rem
590 2772 735 2805 suam
769 2758 967 2805 vertere
999 2757 1156 2819 possit
1172 2795 1183 2817 ,
1211 2759 1616 2820 praetermittat,
1644 2761 1801 2808 etiam

195 2841 290 2888 tali
323 2841 536 2902 iudiceS,
571 2858 634 2891 ne
668 2857 720 2890 se
758 2842 1121 2902 condemnent,
1157 2844 1439 2893 absterrere
1475 2846 1689 2892 conatur
1722 2861 1799 2893 ar-

195 2927 609 2988 gumentatione,
648 2930 709 2976 ut
742 2927 946 2987 doceat,
982 2929 1366 2989 tantummodO,
1403 2930 1444 2978 si
1480 2945 1532 2978 se
1567 2930 1799 2979 condem—

195 3013 322 3060 nent
335 3049 347 3072 ,
393 3015 448 3060 at
491 3028 811 3076 nequaquam
862 3013 905 3060 si
941 3013 1208 3063 absolvant
1221 3050 1233 3074 ‚
1269 3015 1367 3063 illis
1402 3015 1624 3064 accidere
1658 3031 1800 3079 posse
