2014 3412
870 280 962 328 119

851 432 980 476 XVI.

174 560 406 604 Immerito
417 560 688 603 Kuehnerus
709 558 992 616 „AusfuehrL
1005 558 1292 602 Grammatik
1310 560 1386 603 der
1401 561 1478 604 lat.
1494 559 1715 614 Sprache'’

112 642 169 686 II.
216 645 242 695 ἓ
275 642 376 686 127.
421 642 462 683 4.
507 651 605 694 pag.
651 640 738 684 519
782 651 873 693 seq.
921 639 1086 694 ubique
1133 640 1376 684 discrimen
1419 642 1714 684 statuendum

114 723 248 777 putat
285 722 407 766 inter
447 721 736 776 participium
778 722 826 763 et
869 732 958 763 acc.
1004 733 1041 763 c.
1088 721 1171 764 Ins.
1215 722 1262 764 in
1304 722 1568 772 sententiis,
1602 734 1715 776 quae

112 803 366 858 dependent
395 814 424 846 a
454 803 604 846 verbis
635 801 835 855 videndi,
865 802 1106 852 audiendi,
1139 802 1341 856 finqendz'
1352 836 1361 858 ,
1385 803 1592 858 faciendi
1613 804 1715 846 sim.

834 947 985 992 XVII.

168 1077 338 1121 Iniuria
369 1076 559 1120 adnotat
591 1077 649 1119 M.
680 1077 829 1120 Breal:
864 1076 1184 1134 „dictionnaire
1212 1075 1542 1131 etymologique
1568 1075 1710 1119 latin'’

106 1168 206 1212 pag.
237 1158 297 1202 85
329 1169 362 1200 s.
399 1169 444 1200 v.
476 1157 668 1211 fanum:
706 1169 788 1214 „on
821 1158 914 1200 doit
949 1168 1166 1211 supposer
1198 1168 1284 1211 que
1318 1157 1360 1200 la
1393 1157 1535 1200 forme
1562 1157 1710 1210 primi·

107 1238 204 1282 tivo
239 1249 298 1282 en
325 1238 440 1282 latin
471 1238 609 1281 etait:
648 1238 862 1292 faenum,
897 1249 946 1281 ce
979 1238 1055 1292 qui
1088 1238 1256 1281 semble
1291 1238 1501 1281 conduire
1532 1238 1560 1280 a
1590 1237 1709 1291 fa8’'.

825 1384 997 1429 XVIII.

168 1511 336 1555 Iniuria
376 1510 580 1566 perhibet
622 1511 699 1554 Ed.
749 1511 1055 1555 Maetznerus:
1106 1511 1434 1566 „Antiphontis
1483 1511 1709 1554 orationes

107 1593 245 1637 XV.”
269 1592 464 1636 Berolini
494 1591 622 1634 1838.
654 1603 751 1645 pag.
784 1592 894 1646 273,
924 1592 1257 1645 Antiphontem
1289 1591 1372 1647 (VI
1390 1594 1414 1642 ἓ
1433 1592 1508 1646 45)
1528 1591 1705 1634 docere:

111 1672 234 1732 „Iovi
274 1676 410 1727 atque
446 1662 676 1715 Minervae
711 1675 942 1717 senatores
975 1673 1193 1727 quotidie,
1229 1685 1332 1716 cum
1365 1673 1536 1716 curiam
1570 1673 1710 1725 ingre-

109 1746 347 1810 derentur,
380 1763 535 1808 preces
567 1753 873 1797 adhibuisse.'’

814 1902 1006 1946 XVIIII.

3 2079 7 2087 Ξ
168 2030 240 2073 Ad
287 2030 539 2083 augendam
583 2029 798 2074 notitiam
842 2030 1047 2070 nostram
1076 2026 1130 2069 de
1161 2027 1435 2076 conditione,
1474 2038 1563 2080 qua
1593 2027 1706 2070 anti-

2 2139 17 2186 }
63 2131 67 2134 ·
105 2111 338 2166 quissimis
369 2112 648 2165 temporibus
681 2110 839 2154 Graeci
872 2108 1060 2163 fuerint,
1096 2108 1395 2154 utilissimum
1427 2109 1609 2151 videtur
1641 2120 1707 2151 ac-

106 2194 261 2235 curate
308 2193 566 2235 examinare
613 2191 850 2243 vocabula,
895 2200 1086 2243 quorum
1127 2188 1297 2231 radices
1340 2188 1560 2231 semiticis
1603 2200 1706 2231 cum
1756 2206 1761 2209 ·

105 2253 277 2324 graecis
306 2271 472 2326 linguis
503 2281 768 2315 communes
802 2270 909 2313 sint.

855 2412 966 2455 XX.

174 2537 308 2582 Haud
355 2537 483 2592 parvi
530 2538 641 2590 puto
689 2536 910 2578 interesse
962 2534 1018 2577 ad
1065 2534 1434 2578 constituendam
1483 2536 1705 2579 sinceram

105 2609 369 2653 Aristotelis
400 2619 585 2662 operum
616 2609 859 2660 (quatenus
890 2607 1091 2648 aetatem
1117 2605 1338 2656 tulerunt)
1365 2605 1624 2659 lectionem,
1655 2610 1709 2649 ut

10 2668 21 2696 ⁴*
104 2679 203 2723 eius
243 2679 452 2733 reliquiae
481 2677 656 2721 arabice
687 2678 925 2719 exstantes
957 2677 1256 2729 congerantur
1286 2677 1334 2718 et
1365 2679 1573 2719 accurate
1601 2689 1705 2719 cum

105 2760 262 2803 graeco
293 2750 512 2792 contextu
545 2747 849 2790 conferantur.

43 2811 45 2814 ’
167 2816 311 2863 Simul
351 2819 596 2862 videndum
639 2817 874 2871 possintne
916 2818 999 2860 hac
1040 2816 1216 2859 ratione
1259 2817 1531 2870 recuperari,
1567 2829 1702 2872 quae,

18 2900 24 2908 ⁴
106 2890 346 2944 quominus
376 2900 531 2941 graece
562 2888 848 2931 traderentur
878 2887 1033 2930 invida
1065 2890 1192 2930 aetas
1224 2887 1475 2939 impedivit.

874 3212 942 3285 Θ
