2014 3412
962 259 1052 311 107

208 390 297 438 tur
315 425 328 449 ,
389 388 565 437 addita
626 390 760 436 sunt.
826 388 1140 450 Quapropter
1199 387 1457 436 Bekkerus
1473 424 1485 447 ,
1536 390 1812 450 praeeunte

209 474 364 532 Aldo,
408 474 626 523 inseruit
659 474 891 523 voculam
926 470 983 537 ᾗ,
1019 487 1234 535 eumque
1268 473 1456 536 posteri
1491 473 1707 522 editores
1740 490 1811 523 se-

209 560 315 610 cuti
359 562 493 608 sunt.
530 559 624 608 Sed
657 561 831 608 tamen
866 559 1014 608 valde
1049 573 1251 616 vereor,
1285 559 1347 605 ut
1379 558 1474 606 hoc
1506 559 1812 607 vocabulum

207 645 263 694 in
296 645 516 708 pedestri
549 645 776 694 oratione
805 644 1032 692 adhiberi
1060 643 1227 692 liceat.
1258 643 1609 692 Restituamus
1639 645 1812 708 igitur,

207 731 341 794 quod
374 731 519 779 unice
556 732 735 794 aptum
767 730 996 789 videtur,
1033 730 1139 778 scil.
1175 722 1248 778 οὗ.

273 814 399 878 524.
434 845 499 851 ——
531 809 584 866 εὖ
633 815 822 872 εἰδότες
873 817 955 864 ὅτι
1007 816 1100 864 οῦκ
1152 815 1220 864 ἄν
1271 817 1474 873 τούτοις
1525 816 1639 866 κατ’
1687 818 1811 879 ἐμοῦ

208 901 424 968 ἔλεγχος
481 901 704 967 ἐγίγνετο
759 894 931 959 οὗτος,
991 900 1096 949 ἀλλ’
1145 902 1258 962 ἐμοὶ
1308 903 1442 951 κατα
1487 905 1681 952 τούτων
1731 905 1812 951 ὅτι

209 986 360 1038 οὐδὲν
406 985 617 1037 δίκαιον
664 987 770 1037 οὐδ’
817 987 1004 1047 ἀληθὲς
1044 990 1264 1051 ᾐτιῶντο
1310 989 1342 1036 i.
1363 1004 1404 1037 e.
1439 990 1566 1038 bene
1600 989 1812 1038 scientes

209 1074 304 1123 sibi
337 1076 696 1138 argumentum
729 1074 853 1122 haec
886 1073 993 1123 fore
1027 1076 1204 1122 contra
1239 1089 1320 1122 me
1349 1090 1395 1137 q.
1418 1091 1453 1123 s,
1484 1074 1610 1123 Cum
1640 1076 1814 1123 autem

208 1161 362 1210 verba
423 1160 592 1210 ἐλθεῖν
643 1160 724 1209 ἐπὶ
769 1165 913 1209 τοῦτο
959 1161 1017 1209 τὸ
1063 1158 1303 1221 δίκαιον,
1350 1175 1449 1223 quo
1495 1151 1809 1209 referendum

209 1238 380 1307 οὗτος,
435 1232 555 1295 ῑιοῐιΔ
594 1246 703 1310 ipsa
758 1246 854 1295 dici
899 1247 1092 1309 possint
1138 1247 1499 1295 documentum
1546 1260 1677 1305 esse,
1729 1245 1814 1294 sed

207 1332 566 1382 tantummodo
601 1332 820 1392 efficere,
856 1335 916 1381 ut
950 1333 1312 1382 documentum
1351 1332 1536 1381 existat
1551 1368 1564 1391 ,
1599 1334 1811 1394 apparet

206 1433 484 1482 pronomen
537 1410 684 1474 οὗτος
740 1433 843 1467 non
884 1420 1021 1467 recte
1068 1435 1120 1467 se
1166 1419 1348 1468 habere
1396 1418 1814 1481 scribendumque

207 1505 378 1569 potius
411 1519 543 1553 esse:
583 1505 755 1560 οὕτως.

277 1589 400 1652 ἓ28.
451 1591 735 1653 ἐπίσταμαι
781 1589 837 1638 δὲ
885 1591 974 1638 καὶ
1020 1589 1140 1638 τάδε
1188 1583 1227 1638 ὦ
1277 1589 1484 1654 ἄνδρες,
1521 1591 1603 1639 ὅτι
1636 1589 1814 1653 εἰμὲν

208 1678 409 1733 τούτοις
456 1678 580 1739 ἐμοῦ
626 1679 1042 1741 κατεμαρτύρουν
1077 1683 1132 1725 οἱ
1161 1677 1411 1741 μάρτυρες
1445 1683 1500 1726 οἱ
1531 1680 1813 1742 παραγενό-

207 1781 383 1824 μενοι,
443 1764 622 1820 αὐτοῖς
663 1763 732 1812 ἂν
779 1765 982 1819 τούτοις
1031 1764 1398 1827 ἰσχυροτάτοις
1446 1765 1677 1828 ἐχρῶντο
1724 1765 1815 1812 καὶ

211 1849 388 1898 πίστιν
433 1851 623 1908 ταύτην
667 1850 992 1911 σαφεστάτην
1028 1850 1354 1910 ἀπέφαινον,
1390 1850 1508 1905 τούς
1542 1850 1814 1914 μάρτυρας

208 1936 326 1993 τοὺς
370 1943 924 2002 καταμαρτυροῦντας·
964 1941 1066 1985 τῶν
1102 1938 1270 1985 αὐτῶν
1305 1935 1361 1985 δὲ
1399 1938 1588 1985 τούτων
1622 1955 1813 1999 μαρτυ-

209 2024 458 2088 ρούντων,
486 2022 522 2071 ἃ
547 2021 646 2085 μὲν
674 2023 772 2089 ἐγὼ
801 2024 953 2088 λέγω,
985 2022 1149 2083 ἀληθῆ
1179 2021 1317 2071 εἶναι
1336 2058 1348 2082 ,
1367 2022 1402 2070 ἃ
1420 2021 1472 2070 δὲ
1489 2015 1626 2071 οὗτοι
1644 2023 1811 2087 λέγου-

209 2127 323 2171 σιν,
357 2111 453 2160 οὐκ
487 2110 675 2171 ἀληθῆ,
713 2117 825 2167 τοῖς
859 2110 958 2174 μὲν
993 2111 1218 2175 μάρτυσι
1254 2117 1366 2166 τοῖς
1401 2111 1587 2172 (ἐμοὶ)
1620 2130 1812 2175 μαρτυ-

209 2204 390 2262 ροῦσιν
441 2197 683 2247 ἀπιστεῖν
725 2198 864 2258 ὑμᾶς
914 2196 1246 2253 διδάσκουσι,
1284 2203 1397 2253 τοῖς
1434 2196 1489 2245 δὲ
1524 2198 1699 2262 λόγοις
1735 2195 1814 2252 οἷς

210 2285 359 2334 αὐτοὶ
403 2285 606 2350 λέγουσι
653 2286 901 2334 πιστεύειν
946 2286 1086 2346 ὑμᾶς
1131 2302 1264 2344 φασι
1310 2291 1534 2348 χρῆναι,
1578 2285 1666 2339 οὓς
1716 2284 1814 2348 ἐγὼ

209 2372 261 2421 εἰ
289 2371 461 2437 ἔλεγον
494 2371 614 2420 ἄνευ
650 2374 946 2436 μαρτύρων,
984 2370 1188 2432 Ψευδεῖς
1215 2371 1283 2419 ἂν
1313 2373 1630 2435 κατηγόρουν
1659 2369 1812 2419 εἶναι.

211 2457 507 2507 Rectissime
559 2457 764 2507 videtur
814 2457 1184 2506 Herwerdenus
1200 2493 1212 2516 ‚
1263 2459 1539 2519 praeeunte
1585 2457 1787 2505 Reiskio
1803 2493 1815 2515 ,

211 2557 327 2592 cum
374 2543 433 2591 V.
480 2542 615 2603 584,
662 2545 777 2591 tum
817 2543 865 2591 h.
901 2543 934 2591 1.
970 2545 1084 2606 post
1122 2543 1352 2607 ἐχρῶντο
1386 2542 1634 2590 addidisse
1669 2557 1814 2590 voca-

211 2628 390 2677 bulum
452 2628 738 2692 τεκμηριόις
753 2666 764 2688 ,
830 2628 963 2691 quod
1026 2630 1085 2676 ut
1144 2628 1440 2691 suppleatur
1490 2628 1816 2676 vehementer

212 2713 368 2763 etiam
418 2714 636 2762 suadent
685 2729 847 2776 seqq.:
896 2714 987 2762 καὶ
1035 2713 1210 2762 πίστιν
1256 2715 1445 2773 ταύτην
1493 2713 1815 2775 σαφεστάτην

212 2798 520 2860 ἀπέφαινον.
567 2800 681 2863 Ipso
728 2802 902 2848 autem
945 2799 1034 2848 illo
1080 2800 1324 2849 orationis
1367 2801 1576 2863 quintae
1610 2800 1718 2848 loco
1753 2800 1816 2847 si-

211 2885 427 2934 millimo
459 2900 839 2948 permovemur,
874 2887 935 2933 ut
970 2885 1246 2934 abiciamus
1281 2886 1586 2934 vocabulum
1617 2887 1816 2941 τούτοις

210 2971 265 3019 in
299 2971 486 3021 verbis:
526 2972 607 3019 ὅτι
642 2970 694 3020 εἰ
719 2970 818 3033 μὲν
851 2973 1055 3028 τούτοις
1086 2973 1209 3034 ἐμοῦ
1243 2973 1679 3036 κατεμαρτύρουν,
1701 2987 1815 3020 cum
