2014 3412
1046 306 1108 353 54

274 431 363 481 δια
407 434 498 491 τὴν
536 438 623 482 τοῦ
661 431 832 497 ἰατροῦ
865 434 1167 496 μοχθηρίαν
1197 461 1256 467 —
1290 436 1340 481 εἰ
1363 434 1553 492 ταύτην
1587 436 1674 493 τὴν
1711 438 1857 499 θερα-

274 520 419 566 πείαν
448 519 828 582 θεραπεύσοιτο,
858 535 886 568 e
913 519 1093 581 quibus
1122 534 1269 567 nemo
1292 534 1392 567 non
1421 520 1685 583 intellegit,
1715 535 1859 569 reum

274 604 489 652 voluisse
504 641 515 662 ,
542 605 696 651 statim
726 619 874 653 senex
901 604 1120 652 traditus
1148 605 1276 651 esset
1306 603 1427 663 bono,
1457 605 1640 666 quique
1667 605 1859 654 homini

274 688 441 735 saucio
469 688 757 750 viribusque
787 688 1007 737 confecto
1030 688 1216 736 mederi
1233 689 1479 750 potuisset
1497 689 1700 738 medico.
1720 689 1858 746 Quod

272 771 429 833 igitur
455 786 568 819 reus
582 809 594 831 ,
623 774 800 835 utpote
824 789 913 835 per
928 788 980 821 se
998 773 1119 820 satis
1138 773 1454 835 perspicuum
1468 810 1479 832 ,
1501 774 1699 822 silentio
1717 789 1858 836 prae-

273 856 430 914 teriit,
458 856 509 902 id
537 871 597 904 ex
614 872 703 905 sua
721 859 865 919 parte
883 859 1142 906 accusator
1159 858 1384 906 consulto
1403 860 1454 905 et
1471 859 1675 920 quidem
1693 859 1856 921 sophi—

272 940 398 988 stica
432 940 701 989 disserendi
733 943 928 990 ratione
962 957 1083 990 usus
1119 942 1416 991 abscondere
1443 944 1668 991 conatur.
1698 941 1856 991 Accu-

273 1026 410 1073 sator
451 1025 583 1073 enim
618 1026 692 1073 ita
725 1027 889 1074 totam
923 1042 1031 1074 rem
1068 1027 1328 1086 describit,
1363 1028 1505 1089 quasi
1539 1029 1653 1089 post
1684 1027 1860 1076 infelix

275 1109 401 1156 illud
435 1111 690 1157 certamen
724 1110 876 1170 duae,
911 1126 1040 1173 quae
1071 1111 1188 1158 iniri
1217 1114 1417 1173 possent
1433 1151 1445 1170 ‚
1477 1112 1666 1160 fuerint
1681 1112 1860 1174 agendi

276 1194 517 1253 rationes,
570 1195 670 1243 scil.
719 1197 781 1243 ut
823 1198 914 1244 aut
950 1196 1170 1244 medicus
1186 1234 1197 1256 ,
1244 1197 1331 1258 qui
1377 1197 1588 1245 vulnera
1633 1197 1859 1256 curaret,

276 1280 632 1339 arcesseretur,
680 1282 795 1339 aut,
841 1282 1014 1328 utrum
1055 1281 1328 1329 sanitatem
1362 1284 1679 1344 recuperaret
1712 1297 1861 1331 senex

278 1379 342 1410 an
378 1363 569 1421 minus,
616 1365 708 1412 soli
754 1365 987 1414 fortunae
1022 1366 1438 1414 committeretur.
1475 1366 1540 1414 Et
1575 1381 1717 1424 sane,
1752 1367 1861 1416 iure

276 1463 365 1495 suo
400 1451 687 1510 exspectare
721 1450 914 1511 potuit,
950 1450 1055 1498 fore
1089 1452 1175 1510 ut,
1206 1451 1248 1498 si
1281 1465 1390 1498 rem
1422 1451 1475 1499 in
1511 1466 1626 1499 eum
1655 1452 1860 1501 modum

276 1535 553 1592 narrasset,
599 1534 786 1582 iudices
828 1550 929 1583 non
971 1535 1122 1583 nimis
1168 1536 1315 1584 anxie
1347 1536 1546 1598 singula
1581 1536 1715 1584 dicta
1748 1551 1861 1584 exa-

278 1618 531 1666 minantes
546 1655 557 1677 ,
604 1634 733 1679 quae
778 1619 974 1668 fecisset
1020 1622 1073 1668 et
1106 1620 1291 1668 diceret
1323 1621 1608 1682 probarent.
1643 1620 1716 1669 At
1747 1636 1862 1681 nos,

277 1703 363 1764 qui
413 1703 580 1764 quiete
627 1706 679 1751 et
730 1704 996 1767 diligenter
1045 1705 1241 1767 singula
1288 1706 1442 1754 verba
1486 1706 1861 1768 perpendimuS,

277 1802 378 1835 non
411 1787 485 1834 ita
514 1787 659 1836 facile
687 1788 911 1851 decipere
938 1791 1121 1852 potest.
1152 1789 1416 1838 Neminem
1447 1791 1578 1839 enim
1604 1791 1862 1852 praeterit,

277 1887 392 1919 eum
437 1872 498 1920 de
539 1873 692 1922 tertio
740 1874 827 1922 illo
875 1875 1118 1934 tacuisse,
1164 1875 1280 1924 scil:
1316 1890 1431 1923 cum
1465 1876 1683 1924 medicus
1716 1875 1862 1925 advo-

275 1957 460 2004 candus
505 1959 657 2016 esset,
705 1959 821 2021 eligi
865 1959 1086 2021 potuisse
1132 1961 1222 2007 aut
1238 1995 1250 2018 ,
1296 1959 1383 2021 qui
1415 1975 1570 2021 prava
1604 1960 1862 2009 curatione

274 2041 582 2090 imbecillum
626 2043 1064 2104 pessumdaturus,
1112 2045 1230 2102 aut,
1270 2043 1357 2105 qui
1391 2059 1506 2091 eum
1541 2044 1700 2106 perite
1731 2053 1861 2093 trac-

274 2127 389 2173 tans
434 2127 554 2188 apta
599 2127 845 2175 medicina
889 2127 1240 2176 sublevaturus
1285 2130 1427 2176 esset.
1469 2128 1550 2176 Ita
1582 2128 1633 2175 id
1666 2129 1832 2190 ipsum
1848 2165 1860 2188 ,

275 2211 406 2272 quod.
468 2226 581 2259 reus
643 2212 839 2260 crimini
889 2214 1113 2260 verterat
1127 2249 1138 2271 ,
1189 2215 1530 2261 accusatorem
1579 2214 1861 2263 adhibuisse

273 2297 550 2359 μοχθηρὸν
597 2296 802 2361 ἰατρόν,
849 2297 1048 2345 silentio
1094 2297 1378 2356 abscondit,
1426 2298 1557 2360 quod
1605 2299 1760 2346 etiam
1805 2299 1859 2346 in

275 2382 596 2442 sequentibus
633 2382 860 2430 consulto
895 2381 1044 2430 celari
1079 2382 1331 2440 videmUS,
1367 2398 1481 2431 cum
1516 2382 1722 2432 dicitur:
1752 2387 1859 2438 πῶς

274 2467 341 2515 ἂν
376 2466 525 2522 ἄλλος
554 2485 636 2523 τις
663 2471 691 2526 ἢ
723 2469 750 2515 ὁ
772 2467 1097 2528 βιασάμενος
1114 2470 1248 2526 ἡμᾶς
1264 2472 1500 2532 χρῆσθαι
1520 2469 1657 2530 αὐτῷ
1674 2469 1858 2529 φονεὺς

273 2555 344 2610 εἴη
388 2552 469 2600 ἄν.
516 2553 623 2600 Hoc
666 2553 822 2615 igitur
867 2554 970 2611 est,
1005 2552 1138 2614 quod
1172 2554 1342 2601 nostro
1376 2553 1483 2601 loco
1518 2554 1858 2602 accusatorem

273 2637 452 2684 dixisse
503 2639 651 2698 puto:
704 2638 837 2699 quod
889 2652 1002 2685 reus
1021 2674 1032 2696 ,
1083 2652 1197 2685 cum
1247 2652 1334 2699 per
1385 2637 1633 2686 medicum
1684 2651 1857 2686 senem

271 2724 532 2770 mortuum
583 2737 686 2770 esse
736 2723 965 2784 perhibet
981 2759 992 2781 ,
1045 2722 1169 2769 mihi
1219 2722 1271 2769 id
1322 2722 1518 2770 crimini
1561 2722 1673 2781 det,
1708 2722 1854 2771 valde

271 2806 449 2865 miror,
502 2822 621 2853 nam
672 2822 784 2854 mea
837 2808 984 2869 culpa
1028 2822 1143 2855 eum
1188 2807 1340 2854 morti
1389 2806 1703 2865 occubuisse,
1749 2805 1855 2854 sine

272 2891 421 2938 dubio
457 2891 613 2938 etiam
649 2891 853 2939 dixisset
868 2928 879 2950 ‚
915 2892 956 2939 si
990 2892 1313 2940 vulneratum
1348 2890 1540 2938 medico
1578 2890 1855 2939 curandum

271 2990 372 3023 non
415 2975 731 3024 tradidissem
745 3012 757 3036 ,
803 2976 977 3038 utique
1019 2991 1135 3039 ergo
1181 2976 1285 3023 eius
1333 2978 1546 3024 mortem
1592 2975 1644 3022 in
1690 2989 1855 3023 meam
