2014 3412
943 299 1006 348 33

170 429 286 489 dat,
310 427 456 476 haec
500 427 655 476 verba
700 426 745 474 ei
779 426 936 474 tribui
970 425 1231 487 nequeunt
1246 460 1258 482 ,
1294 438 1415 470 nam
1450 437 1552 471 non
1587 422 1773 471 nititur

170 513 446 564 sanctitate
461 549 473 573 ‚
519 513 606 562 sed
649 513 865 561 veritate
898 526 1072 560 eorum
1088 546 1100 569 ,
1136 524 1264 572 quae
1298 510 1440 571 gesta
1474 509 1608 556 sunt.
1660 508 1774 556 For-

171 602 307 649 tasse
333 599 493 663 igitur
509 597 769 662 putaverit
785 596 1036 659 quispiam
1050 631 1062 654 ,
1082 594 1320 643 excidisse
1338 593 1588 655 quaedam
1605 594 1775 652 verba,

172 685 354 749 quibus
387 683 724 746 explicaretur
751 682 901 729 illud:
933 687 1036 729 τῶν
1066 678 1488 740 ἐπιτηδευμάτων,
1522 681 1574 727 et
1602 679 1774 727 lumen

172 769 515 819 affunderetur
559 767 745 816 verbis:
788 768 880 824 τὴν
924 766 1199 828 εὐσέβειαν
1247 767 1440 814 τούτων
1474 771 1578 813 τῶν
1612 783 1776 827 πραχ-

173 858 387 905 θέντων.
432 853 537 917 Ego
571 868 690 902 vero
726 852 1022 901 crediderim
1037 889 1048 911 ,
1085 853 1339 900 oratorem
1375 851 1651 914 scripsisse:
1683 858 1776 910 τὴν

170 960 224 990 τε
257 935 349 990 οὖν
382 939 707 999 ἀλήθειαν
740 940 931 987 τούτων
964 943 1068 986 τῶν
1103 940 1466 1002 πραχθέντων,
1500 938 1617 990 nte„
1638 939 1775 1000 post-

172 1041 327 1090 quam
361 1026 535 1073 autem
569 1024 732 1073 alieno
761 1024 893 1083 locO,
922 1025 983 1071 ut
1012 1022 1255 1082 vidimUS‚
1284 1022 1475 1071 inserta
1505 1025 1626 1070 sunt
1654 1022 1777 1070 haec

173 1111 352 1170 verba,
397 1111 601 1157 mutata
640 1123 747 1157 esse
789 1108 844 1155 in
873 1107 924 1155 id
954 1108 1088 1170 quod
1116 1108 1233 1155 libri
1266 1108 1534 1170 praebent,
1572 1110 1778 1170 propter

172 1196 285 1256 illa,
333 1209 463 1259 quae
509 1193 734 1256 proxime
779 1192 1109 1255 praecedunt:
1157 1192 1262 1240 αλλ’
1310 1193 1614 1247 ἀπολύοντες
1647 1194 1776 1241 εὐσε-

174 1281 329 1343 βεῖτε.
382 1280 433 1329 si
466 1280 595 1328 hanc
629 1279 972 1328 coniecturam
1007 1278 1378 1340 amplectimur,
1413 1278 1664 1340 particula
1699 1298 1750 1326 τε
1764 1315 1776 1338 ,

175 1382 208 1414 a
260 1365 561 1415 Iernstedtio
607 1365 788 1426 utpote
831 1363 1047 1412 molesta
1092 1363 1285 1422 deleta,
1331 1363 1435 1410 iam
1479 1379 1580 1412 non
1628 1364 1776 1413 modo

174 1451 319 1514 ferri,
372 1450 458 1500 sed
507 1464 572 1498 ne
623 1450 794 1497 abesse
845 1448 1049 1510 quidem
1097 1450 1178 1495 sat
1222 1450 1358 1496 recte
1404 1449 1619 1511 poterit,
1657 1450 1777 1511 quia

174 1537 356 1587 verba:
401 1540 493 1597 τήν
537 1554 589 1584 τε
635 1529 728 1583 οὗν
772 1533 1026 1593 ἀλήθειαν
1067 1535 1260 1582 τούτων
1293 1539 1399 1582 τῶν
1432 1538 1778 1598 πραχθέντων

175 1638 280 1671 una
328 1637 444 1670 cum
494 1620 712 1668 additis:
767 1621 860 1668 καὶ
906 1621 965 1667 τὸ
1011 1618 1223 1668 δίκαιον
1268 1618 1527 1667 referenda
1561 1621 1683 1667 sunt
1716 1620 1780 1667 ad

175 1707 502 1756 antecedens:
549 1705 902 1769 ἀπολυόμενος
948 1704 1004 1753 δὲ
1045 1708 1144 1754 υπό
1187 1724 1241 1753 τε
1277 1713 1364 1763 τῆς
1397 1705 1646 1763 ἀληθείας
1678 1713 1781 1754 τῶν

175 1797 525 1857 πραχθέντων
557 1796 653 1841 ὑπό
689 1811 740 1840 τε
774 1798 864 1840 τοῦ
900 1794 1065 1854 νόμου
1101 1792 1289 1840 καθ’ὃν
1324 1790 1577 1841 διώκεται.

242 1899 290 1945 γ.
323 1879 461 1941 §55-
492 1879 537 1927 6.
567 1878 642 1935 εἰς
675 1884 824 1927 τοῦτο
858 1879 958 1943 γάρ
994 1878 1184 1939 τόλμης
1220 1879 1314 1926 καὶ
1344 1877 1618 1934 ἀναιδείας
1644 1881 1777 1936 ἣκει,

177 1967 304 2016 ὥστε
345 1967 437 2014 τὸν
480 1964 580 2027 μὲν
622 1966 862 2027 βαλόντα
899 1966 990 2013 καὶ
1027 1965 1404 2013 ἀποκτείναντα
1437 1976 1548 2012 ουτε
1582 1971 1777 2027 τρῶσαι

177 2053 290 2101 οὔτε
323 2051 627 2100 ἀποκτεῖναί
657 2069 804 2112 φησι,
844 2052 935 2099 τὸν
968 2050 1022 2099 δὲ
1059 2052 1170 2099 οὔτε
1204 2053 1481 2109 ψαύσαντα
1507 2056 1596 2099 τοῦ
1625 2049 1777 2099 ακον-

177 2139 288 2188 τίου
317 2139 430 2188 οὔτε
459 2140 803 2197 ε’πινοὴσαντα
833 2137 1137 2196 ἀκοντίσαι,
1168 2136 1367 2196 ἁπάσης
1383 2135 1484 2197 μὲν
1501 2145 1595 2201 γῆς
1613 2135 1778 2199 ἁμαρ-

175 2227 364 2282 τόντα,
406 2225 614 2274 πάντων
661 2223 717 2273 δὲ
762 2226 1037 2283 σωμάτων,
1074 2222 1167 2272 δια
1202 2230 1307 2272 τῶν
1341 2223 1522 2271 ἑαυτοῦ
1558 2223 1780 2287 πλευρῶν

176 2309 427 2372 ὃιαπῆξαι
455 2312 515 2360 τὸ
543 2311 794 2360 ἀκόντιον
821 2311 967 2375 λέγει.
1004 2311 1103 2374 ἐγὼ
1133 2308 1189 2358 δὲ
1222 2311 1466 2365 ἑκουσίως
1483 2317 1782 2375 κατηγορῶν

177 2397 478 2447 ἀποκτεῖναι
505 2399 666 2447 αὐτὸν
694 2399 990 2461 πιστότερος
1020 2396 1088 2444 ἄν
1115 2414 1209 2456 μοι
1238 2395 1375 2444 δοκῶ
1402 2394 1541 2444 εἶναι
1571 2399 1599 2455 ἠ
1618 2390 1783 2455 οὗτος,

177 2485 301 2540 (ὃς)
329 2489 451 2546 μήτε
479 2485 668 2546 βαλεῖν
696 2490 819 2544 μήτε
851 2485 1164 2532 ἀποκτεῖναί
1186 2502 1310 2544 φησι
1337 2486 1397 2531 τὸ
1412 2484 1695 2547 μειράκιον.
1720 2511 1780 2517 -

177 2569 477 2619 ἀλλ’ἄθλιον
506 2571 599 2619 καὶ
629 2574 813 2634 πικρὸν
847 2572 1037 2619 σκοπὸν
1067 2571 1182 2631 ἐμοὶ
1212 2569 1499 2624 ἀκοντίσας
1528 2569 1657 2616 ἑκὼν
1681 2567 1781 2629 μὲν

177 2656 270 2704 οὐκ
313 2655 592 2712 ἀπέκτεινε,
621 2657 816 2718 μᾶλλον
846 2654 902 2704 δὲ
940 2656 1070 2703 ἑκὼν
1101 2659 1130 2714 ἢ
1161 2657 1272 2704 οὔτε
1298 2656 1488 2716 ἔβαλεν
1517 2656 1628 2703 οὐτε
1661 2655 1780 2702 ἀπέ-

178 2758 388 2802 κτεινεν,
417 2741 674 2799 ἀκουσίως
698 2740 755 2791 δὲ
774 2744 834 2791 οι]
834 2761 877 2804 χ
894 2737 1054 2800 ἧσσον
1072 2746 1100 2801 ἢ
1119 2742 1361 2798 ἑκουσίως
1379 2741 1777 2795 οέποκτείναντές

174 2845 278 2889 μου
306 2829 398 2876 τὸν
433 2826 600 2876 παῖδα
617 2866 629 2889 ,
662 2844 709 2891 q.
730 2844 768 2876 s.
802 2856 868 2862 —
900 2828 1029 2876 Frid.
1063 2828 1294 2890 Ignatius
1329 2828 1384 2875 in
1420 2827 1771 2876 dissertatione

177 2929 270 2963 sua
310 2915 598 2978 inaugurali
642 2914 730 2972 „de
763 2913 1093 2975 Antiphontis
1130 2913 1429 2961 Rhamnusii
1463 2913 1776 2962 elocutione''

178 3015 291 3063 pag.
327 3000 385 3048 12
409 3014 508 3062 seq.
538 3000 600 3048 de
617 3000 770 3049 verbo
788 2999 1000 3060 βάλλειν
1021 2998 1145 3048 haec
1162 2999 1399 3047 adnotat:
1424 2998 1592 3056 „Haec
1609 3012 1707 3047 vox
1724 2996 1776 3044 in

1622 3085 1642 3116 3
