2014 3412
1025 279 1115 329 100

276 405 568 467 ρευόμενος;
618 407 675 453 at
718 407 891 454 tamen
936 406 1131 453 nullam
1174 406 1406 454 idoneam
1451 421 1653 455 causam
1689 408 1859 457 adesse

272 491 422 550 put0‚
472 504 560 537 cur
610 490 914 552 Antiphonti
964 506 1078 538 cum
1122 490 1430 539 Jernstedtio
1478 492 1687 554 aliisque
1733 493 1854 542 viris

274 574 433 622 doctis
478 575 607 622 hanc
654 575 1055 623 coniunctionem
1093 575 1295 623 omnino
1331 575 1683 624 abiudicemus.
1719 576 1851 625 Nam

266 673 380 706 cum
415 659 678 720 quinquies
714 660 776 706 ab
812 663 1009 708 oratore
1043 659 1317 707 secundum
1351 660 1594 708 traditam
1627 662 1850 710 codicum

265 743 529 791 lectionem
576 744 688 791 illas
733 745 1006 806 particulas
1048 745 1123 791 ita
1168 744 1425 806 copulatas
1460 760 1566 793 esse
1600 746 1853 804 videmus,

269 829 381 874 tum
429 843 485 875 eo
532 828 697 875 minus
746 829 839 876 hac
883 844 937 877 re
984 828 1164 876 offendi
1209 818 1431 890 oportet,
1474 830 1606 890 quod
1642 832 1693 877 et
1725 829 1854 888 alia,

266 911 348 959 vel
377 911 539 960 multo
568 912 864 960 insolentius
882 913 1016 960 dicta
1029 951 1039 971 ,
1061 913 1124 960 ab
1144 913 1312 960 atticis
1331 913 1652 974 scriptoribus
1669 915 1852 975 spreta,

267 1010 298 1041 a
332 997 504 1043 nostro
539 998 739 1044 oratore
773 997 988 1044 admissa
1022 1000 1247 1054 constat;
1284 1013 1384 1059 qua
1420 997 1480 1045 de
1512 1012 1566 1044 re
1602 997 1824 1046 conferas
1840 1032 1853 1056 ‚

265 1094 394 1140 quae
439 1079 803 1128 Herwerdenus
836 1081 1018 1129 Mnem.
1055 1082 1140 1129 IX.
1177 1097 1286 1143 pag.
1328 1081 1419 1129 203
1453 1096 1551 1142 seq.
1589 1080 1848 1143 congessit.

266 1163 382 1211 Loci
425 1166 596 1211 autem
612 1200 623 1222 ,
669 1165 850 1225 quibus
895 1165 1166 1213 secundum
1213 1166 1399 1213 codices
1447 1166 1540 1212 hae
1573 1164 1851 1227 particulae

265 1250 375 1296 arte
417 1249 728 1296 consociatae
761 1249 903 1295 nulla
936 1265 989 1297 re
1024 1250 1322 1312 interposita
1358 1252 1586 1308 exstant,
1621 1251 1739 1296 sunt
1772 1249 1851 1299 hi:

266 1332 324 1379 V.
372 1333 504 1392 §191
549 1334 686 1393 ὅμως
732 1338 966 1394 μέντοι
1007 1353 1072 1397 γε
1108 1335 1199 1382 καὶ
1235 1336 1288 1382 ἐκ
1322 1336 1512 1383 τούτων
1547 1334 1851 1397 πειράσομαι

268 1417 493 1475 ἐμαυτὸν
539 1418 781 1466 ἀναίτιον
827 1417 1092 1475 ἐπιδεῖξαι.
1139 1420 1197 1466 V.
1244 1419 1378 1479 §241
1425 1420 1655 1467 καίτοι
1690 1436 1757 1482 ys
1791 1420 1850 1467 οὐ

267 1500 422 1560 δήπου
485 1503 608 1562 (cod.
670 1500 750 1550 Ni
798 1508 980 1552 καίτοι
1023 1505 1084 1551 ου’
1134 1503 1290 1562 δήπου
1341 1506 1414 1567 γε)
1464 1506 1576 1551 κατ’
1628 1503 1850 1562 ἐμαυτοῦ

267 1590 489 1648 μηνυτὴν
540 1589 761 1650 ἔπεμπον
813 1588 977 1644 εἰδώς.
1030 1589 1086 1636 V.
1124 1590 1151 1648 ἓ
1182 1588 1242 1638 74
1277 1588 1389 1637 vide
1424 1604 1586 1650 supra.
1624 1588 1706 1637 VI.
1745 1588 1848 1648 §35

266 1678 489 1738 ἡγοῦμαι
538 1677 769 1734 μέντοι
822 1693 886 1738 ys
938 1674 1028 1722 καὶ
1080 1681 1205 1733 υμῖν
1257 1679 1368 1728 τοῖς
1415 1672 1694 1727 δικασταῖς
1739 1673 1849 1736 περὶ

268 1760 447 1807 πολλοῦ
496 1757 630 1807 εἶναι
675 1760 770 1814 τὰς
805 1758 1022 1818 φονικάς
1056 1757 1208 1813 δίκας
1246 1759 1415 1820 ὀρθῶς
1451 1756 1848 1821 διαγιγνώσκειν

269 1847 387 1892 cett.
438 1845 520 1891 VI.
576 1845 678 1903 §92
727 1846 841 1893 ἐπεί
878 1847 986 1893 τοί
1028 1863 1092 1909 ys
1136 1845 1227 1892 καὶ
1274 1842 1444 1891 δεινὸν
1478 1836 1516 1890 ὦ
1551 1843 1744 1906 ἄνδρες.
1781 1845 1851 1892 At

266 1929 549 1977 invenimus
583 1945 643 1978 ex
678 1930 838 1978 altera
873 1932 1018 1992 parte
1047 1929 1320 1991 particulas
1351 1929 1521 1976 καίτοι
1550 1930 1602 1976 et
1626 1947 1679 1992 ys
1697 1929 1850 1976 etiam

264 2013 339 2060 ita
373 2014 436 2060 ab
471 2014 785 2076 Antiphonte
819 2016 1108 2075 usurpatas,
1145 2015 1204 2060 ut
1238 2013 1510 2060 atticorum
1546 2013 1847 2075 scriptorum

265 2098 378 2144 usui
427 2099 782 2160 congruenter,
826 2097 1121 2159 interposito
1155 2097 1372 2158 quodam
1409 2097 1651 2145 vocabulo
1686 2096 1848 2144 seiun-

266 2185 451 2244 gantur
497 2183 555 2229 cf.
606 2183 642 2229 Ι.
685 2183 818 2242 ἓ11ῑ
869 2185 1095 2229 καίτοι
1127 2176 1181 2230 εὖ
1212 2180 1334 2229 οἶδά
1368 2182 1437 2245 γ’,
1477 2180 1528 2229 εἰ
1553 2174 1690 2240 οὗτοι
1728 2183 1850 2245 πρὸς

267 2266 354 2327 ἐμὲ
417 2267 653 2320 ἐλθόντες
710 2293 767 2298 -
817 2266 949 2313 αὐτοὶ
998 2266 1064 2312 ἂν
1116 2273 1279 2314 ταῦτα
1330 2270 1554 2330 μέγιστα
1607 2271 1847 2326 τεκμήρια

267 2358 577 2414 παρείχοντο
613 2351 681 2405 ὡς
715 2351 805 2397 οὐκ
841 2351 1028 2411 ἔνοχοί
1048 2355 1149 2398 εἰσι
1180 2357 1248 2414 τῷ
1276 2354 1430 2414 φόνῳ.
1463 2351 1520 2398 V.
1551 2354 1579 2411 ἓ
1602 2351 1683 2398 14:
1715 2353 1848 2399 καί·

268 2455 365 2484 τοι
405 2438 522 2491 τούς
556 2455 623 2499 ys
657 2438 849 2495 νόμους
883 2435 938 2483 οἳ
962 2442 1161 2484 κεῖνται
1191 2440 1295 2496 περὶ
1323 2441 1425 2483 τῶν
1453 2437 1706 2493 τοιούτων,
1726 2437 1846 2484 πάν-

269 2540 363 2577 τας
405 2522 472 2569 ἂν
523 2520 673 2581 οἶμαι
725 2522 1038 2585 ὁμολογῆσαι
1088 2521 1334 2569 κάλλιστα
1386 2523 1559 2580 νόμων
1609 2520 1849 2569 ἁπάντων

271 2611 481 2655 κεῖσθαι
517 2607 605 2654 καὶ
639 2607 908 2654 ὁσιώτατα.
958 2606 1013 2654 V.
1059 2606 1192 2666 §lm
1241 2609 1461 2654 καίτοι
1505 2606 1731 2666 χαλεπόν
1778 2625 1850 2670 γε

268 2692 333 2739 τοὶ
362 2694 417 2739 ἐκ
449 2692 629 2739 πολλοῦ
659 2694 1038 2750 κατεψευσμὲνα
1066 2691 1158 2738 καὶ
1177 2690 1664 2750 ἐπιβεβουλευιιένα,
1683 2696 1846 2740 ταῦτα

268 2786 587 2840 παραχρῆμα
632 2776 942 2840 ἀπελέγχειν.
995 2775 1050 2822 V.
1099 2775 1231 2835 §611
1271 2777 1500 2822 καίτοι
1535 2775 1750 2823 καλλίων
1782 2794 1849 2840 γε

266 2858 327 2919 ἧν
361 2863 388 2910 ὁ
423 2862 664 2917 κίνδυνος
697 2863 834 2923 αὐτῷ
852 2898 863 2910 .
889 2896 900 2907 .
956 2896 967 2906 .
1005 2858 1116 2907 Huc
1143 2860 1353 2908 fortasse
1382 2861 1536 2908 etiam
1555 2860 1726 2908 referri
1738 2863 1848 2922 pot-

266 2952 343 2995 est
386 2948 471 2995 VI.
521 2951 548 3009 ξ
577 2949 663 2996 46:
700 2948 791 2996 καὶ
826 2945 983 2994 ἱκανά
1011 2943 1057 3009 γ’
1088 2946 1241 3005 (unde
1267 2945 1524 2993 Reiskius:
1555 2946 1846 2998 καί<τοι>
