2014 3412
938 309 999 358 59

189 437 405 494 ξαντος,
442 436 557 498 post
589 450 719 497 quae
749 435 939 498 aliquid
954 438 1028 484 ‘ut
1055 437 1177 485 πολύ
1205 437 1287 485 vel
1317 437 1395 484 ἔτι
1421 435 1760 484 desideramus
1774 475 1786 493 ‚

188 520 340 584 paulo
385 521 556 569 durior
601 521 668 569 sit
682 558 694 580 ‚
741 525 792 570 et
837 521 949 583 ipsa
994 521 1320 585 transpositio
1355 537 1470 570 cum
1505 522 1791 570 coniectura

187 620 290 655 non
332 605 409 654 ita
448 606 550 655 levi
584 607 881 667 coniuncta,
915 607 1025 656 iure
1059 607 1418 656 nonneminem
1452 607 1790 655 haesitantem

187 692 394 742 reddere
445 692 616 754 possit.
670 692 917 755 Equidem
962 693 1209 755 suspicor,
1256 694 1370 754 post
1414 707 1589 742 vocem
1631 693 1789 756 ἰατρῷ

188 778 534 842 aposiopeseos
583 778 724 841 signo
776 778 939 841 posito
955 816 966 834 ,
1020 778 1322 840 sublataque
1373 780 1493 826 ante
1547 779 1575 826 ὁ
1627 778 1791 841 ἄρξας

186 863 595 927 interpunctione
609 897 623 923 ,
674 864 827 912 verba
877 863 1065 925 φονεὺς
1115 864 1348 928 γίγνεται
1393 864 1588 911 uncinis
1631 864 1790 912 inclu-

186 949 350 998 denda
399 963 519 997 esse.
574 949 831 997 Librarius
883 949 1088 1012 quidam
1105 986 1117 1009 ‚
1163 949 1250 1012 qui
1296 948 1606 1011 aposiopesin
1648 949 1791 996 illam

187 1050 367 1098 parum
417 1034 717 1097 perspiciens
764 1034 1046 1083 orationem
1094 1050 1299 1098 pergere
1345 1034 1576 1096 putavit,
1610 1036 1728 1096 post
1762 1035 1791 1083 ὁ

187 1121 351 1186 ἄρξας
385 1129 475 1180 τῆς
509 1119 698 1185 πληγῆς
732 1120 972 1182 repetivit
1007 1120 1134 1168 illud
1170 1121 1353 1182 φονεύς
1390 1121 1561 1179 ἐστιν,
1591 1135 1791 1169 nevero

186 1207 340 1255 nimis
385 1206 587 1270 ingrata
620 1206 854 1255 evaderet
888 1206 1123 1268 repetitio
1139 1244 1151 1266 ,
1187 1222 1278 1269 pro
1309 1207 1461 1255 verbo
1497 1205 1641 1255 ἐστιν
1677 1206 1790 1254 sub-

188 1293 363 1342 stituit
406 1294 656 1359 γίγνεται.
706 1290 772 1338 Et
810 1291 944 1353 quod
979 1291 1042 1338 ad
1070 1291 1234 1354 ipsam
1268 1291 1411 1339 illam
1449 1291 1791 1354 aposiopeseos

185 1379 425 1442 figuram,
459 1393 545 1437 ea,
581 1378 623 1425 si
658 1392 757 1439 quo
794 1377 941 1436 alibi,
978 1377 1070 1425 hoc
1106 1378 1215 1426 loco
1250 1379 1386 1426 recte
1416 1392 1468 1426 se
1497 1377 1676 1437 habet,
1703 1378 1792 1426 ubi

187 1464 364 1521 efficit,
417 1466 478 1512 ut
527 1465 808 1522 oratorem,
860 1463 949 1524 qui
1001 1463 1223 1511 amicum
1275 1478 1423 1510 suum
1468 1463 1789 1511 innocentem

186 1550 360 1613 fingit,
414 1535 558 1612 quasi
603 1549 894 1597 horrentem
938 1548 1198 1597 videamus
1247 1549 1413 1611 eloqui
1457 1548 1604 1597 triste
1638 1548 1763 1596 illud
1778 1586 1790 1609 ‚

186 1635 419 1699 quodque
455 1634 639 1684 evitari
673 1634 869 1682 solebat
898 1634 1220 1683 vocabulum.
1251 1634 1316 1682 Et
1346 1648 1484 1694 ecce,
1504 1634 1638 1683 claro
1656 1650 1792 1683 nunc

185 1722 395 1784 apparet
412 1759 424 1782 ,
477 1720 611 1769 unde
658 1720 844 1769 vitium
893 1720 1202 1768 contraxerit
1248 1720 1536 1770 Infinitivus
1572 1721 1790 1784 ἐπιτρεφ-

186 1810 376 1867 θῆναι,
418 1821 508 1869 pro
544 1820 644 1868 quo
679 1805 909 1854 Reiskius
946 1805 1048 1853 iam
1083 1806 1310 1853 restituit
1344 1806 1423 1863 id,
1459 1807 1592 1868 quod
1627 1807 1790 1855 solum

185 1892 306 1942 ferri
343 1893 537 1955 potest,
576 1892 860 1955 ἐπιτρέψαι.
899 1891 1040 1939 Idem
1075 1891 1237 1952 enim,
1272 1891 1360 1954 qui
1393 1891 1590 1954 reliqua
1623 1907 1790 1940 corru-

186 1966 265 2041 pit
315 1977 526 2037 scioluS,
577 1977 828 2036 nescienS‚
879 1977 1112 2039 quisnam
1165 1979 1296 2025 esset
1341 1978 1369 2025 ὁ
1415 1978 1651 2035 πατάξας
1700 1979 1791 2027 καὶ

185 2065 541 2126 βιασάμενος,
577 2078 745 2112 secum
779 2063 1062 2125 reputavit,
1097 2063 1190 2111 τὸν
1220 2063 1596 2112 ἀποκτείναντα
1614 2064 1791 2126 utique

186 2163 291 2198 esse
322 2149 560 2198 iuvenem
596 2151 919 2205 accusatum,
954 2148 1030 2196 ita
1059 2152 1120 2198 ut
1157 2151 1185 2198 ὁ
1228 2151 1493 2210 πατάξας,
1519 2151 1577 2207 ὃς
1591 2151 1790 2210 μᾶλλον

186 2240 276 2284 τοῦ
310 2234 712 2290 ἀποκτείναντος
745 2235 927 2295 φονεύς
963 2235 1106 2283 ἐστιν
1123 2272 1135 2295 ,
1172 2251 1321 2285 nemo
1357 2252 1461 2285 esse
1495 2239 1663 2300 posset
1691 2233 1790 2285 nisi

187 2336 364 2380 seneX,
398 2336 568 2370 senem
603 2323 777 2370 autem
812 2322 1028 2384 coegisse
1062 2322 1249 2370 amicos
1279 2337 1420 2382 SUOS,
1449 2338 1551 2371 non
1570 2324 1789 2371 alterum

185 2407 438 2470 quendam
483 2407 683 2456 tradere
698 2445 709 2467 ,
757 2407 843 2456 sed
886 2410 946 2455 ut
990 2408 1095 2470 ipse
1141 2408 1429 2457 traderetur
1462 2409 1670 2458 medico
1708 2409 1791 2457 Ita

186 2508 276 2556 pro
324 2492 479 2552 falsa,
529 2508 631 2555 qua
681 2494 944 2542 nitebatur
995 2494 1130 2553 basi,
1186 2495 1231 2543 ei
1278 2510 1404 2557 opus
1445 2497 1554 2543 erat
1588 2497 1789 2544 mutato

187 2578 340 2628 verbo
375 2579 642 2643 ἐπιτρέψαι
679 2579 733 2627 in
763 2581 1149 2643 ἐπιτρεφθῆναι.
1180 2579 1289 2628 Hoc
1306 2580 1455 2629 modo
1473 2581 1599 2628 mihi
1617 2581 1790 2630 videor

187 2663 324 2712 iusta
373 2664 659 2713 mutatione
711 2666 763 2713 et
807 2665 975 2714 locum
1013 2666 1283 2715 correxisse
1319 2667 1372 2714 et
1408 2666 1505 2714 loci
1542 2681 1789 2734 conexum

188 2749 384 2798 affatim
434 2751 805 2808 corroborasse;
869 2751 1043 2814 itaque
1095 2752 1301 2800 mittere
1350 2752 1525 2801 licebit
1576 2752 1790 2815 Kayseri

187 2835 527 2884 coniecturam
566 2836 674 2898 (qui
709 2837 786 2886 vir
820 2836 1138 2886 doctissimus
1173 2839 1373 2900 praeter
1401 2853 1461 2887 ea
1476 2875 1487 2897 ‚
1517 2838 1577 2886 de
1608 2838 1790 2900 quibus

187 2919 294 2968 iam
337 2920 705 2983 disputavimus
720 2959 731 2981 ,
779 2922 934 2971 etiam
981 2927 1220 2986 χρῆσθαι
1266 2925 1358 2972 aut
1403 2924 1790 2987 συμβουλεῦσαι

188 3008 302 3069 post
334 3006 662 3069 βιασάμενος
690 3007 975 3057 addendum
1007 3009 1303 3073 proposuit),
1331 3025 1493 3073 neque
1509 3011 1788 3073 requiritur
