2014 3412
1009 287 1070 334 85

239 412 378 463 aliud
413 412 572 463 habeo
586 450 599 473 ,
628 429 782 476 quam
811 415 872 462 ut
895 413 1158 462 redeamus
1176 413 1240 461 ad
1258 413 1560 476 paragraphi
1580 413 1640 461 39
1660 415 1837 462 verba:

239 500 318 549 ἔτι
344 498 401 548 δὲ
420 501 512 549 καὶ
529 498 649 548 τάδε
668 500 926 565 λέγουσιν,
943 501 1011 556 ὡς
1029 500 1279 565 ὡμολόγει
1297 501 1325 549 ὁ
1343 487 1615 563 ἄνθρωπος
1631 501 1840 563 βασαν-

241 588 480 647 ιζόμενος
525 595 927 636 συναποκτεϊναι
979 588 1071 636 τὸν
1118 584 1313 652 ἄνδρα;
1363 602 1462 648 quo
1499 587 1540 634 si
1577 587 1840 635 referimus

237 672 400 721 nostri
434 673 532 721 loci
561 673 742 732 verba,
769 673 946 720 statim
977 673 1295 735 perspicuum
1327 674 1432 728 est,
1464 687 1563 734 quo
1599 672 1708 720 iure
1742 673 1839 722 iste

236 769 407 807 servus
420 759 517 807 dici
529 759 685 821 possit
698 757 937 814 συνειδώς
955 774 1074 818 esse3
1089 759 1331 806 nimirum
1345 760 1404 806 ut
1421 759 1835 816 συναποκτείνας.

306 844 441 908 Opus
487 845 646 907 igitur
692 860 793 893 non
841 847 979 904 erat,
1015 844 1254 892 nuntium
1291 859 1462 892 secum
1498 846 1700 907 portare
1737 846 1838 907 epi-

239 929 456 990 stulam,
491 945 605 978 cum
634 930 737 978 suis
772 931 877 993 ipse
910 930 1074 979 verbis
1108 929 1159 977 id
1196 929 1375 977 melius
1409 944 1614 977 narrare
1648 930 1837 992 potuis-

237 1017 342 1075 set,
390 1016 570 1078 utpote
614 1016 701 1078 qui
747 1017 880 1064 esset
915 1016 943 1064 ὁ
981 1045 1022 1050 -
1076 1015 1343 1077 quisnam‘3
1380 1014 1744 1080 εἰργασμένος,
1781 1018 1840 1063 ut

236 1100 355 1149 libri
405 1100 632 1149 tradunt.
686 1099 802 1161 Sed,
854 1100 988 1163 quod
1035 1100 1206 1147 omnia
1252 1100 1506 1161 clamant,
1552 1117 1654 1150 non
1701 1105 1776 1150 est
1811 1104 1838 1152 ὁ

236 1186 607 1252 εἰργασμένος,
645 1187 730 1236 sed
764 1188 970 1234 tantum
1008 1187 1036 1234 ὁ
1072 1191 1591 1252 <συν>ειργασμένος.

303 1273 355 1322 Si
399 1273 530 1322 hanc
577 1288 744 1321 meam
791 1271 1189 1334 disputationem
1225 1273 1484 1334 probabis,
1519 1276 1609 1322 aut
1645 1276 1839 1322 statues

238 1359 481 1408 lectorem
533 1358 785 1422 quendam
837 1373 897 1406 ex
950 1358 1204 1420 sequentis
1251 1359 1553 1422 paragraphi
1588 1360 1771 1408 verbis:
1811 1361 1838 1409 ὁ

236 1445 337 1509 μὲν
371 1446 470 1512 γοὲρ
505 1446 934 1508 βασανιζόμενος
969 1445 1126 1500 αὐτὸς
1163 1444 1257 1505 «ἔφη
1293 1444 1596 1495 ἀποκτεῖναι
1630 1446 1677 1493 11.
1714 1447 1747 1493 l.
1785 1447 1838 1494 in

238 1533 466 1596 margine
518 1532 855 1595 adscripsisse:
913 1533 938 1580 ὁ
992 1531 1353 1596 εἰργασμένος,
1399 1535 1491 1580 aut
1532 1533 1717 1582 vitium
1763 1532 1838 1580 ita

239 1621 409 1668 ortum
455 1618 688 1682 putabiS,
733 1620 794 1666 ut
828 1619 1250 1680 praepositionem
1288 1637 1381 1667 συν
1415 1621 1536 1667 ante
1570 1618 1836 1684 εἰργασμέ-

239 1723 330 1761 νος
381 1704 621 1753 excidisse
671 1704 868 1763 credaS,
914 1704 1047 1766 quod
1094 1706 1155 1751 ut
1201 1705 1507 1753 arbitremur
1552 1720 1609 1753 eo
1645 1705 1841 1753 facilius

238 1790 558 1849 adducimur,
604 1792 873 1852 postquam
919 1805 979 1838 ex
1024 1805 1216 1853 papyro
1233 1827 1244 1849 ,
1290 1790 1343 1837 in
1378 1805 1476 1852 quo
1512 1792 1654 1838 extat
1690 1793 1840 1850 Ἀθη-

239 1877 405 1927 ναίων
455 1876 679 1925 πολιτεία
732 1876 1048 1935 Aristotelis,
1101 1876 1366 1924 didicimus
1418 1878 1840 1940 praepositionem

239 1981 337 2014 συν
372 1963 494 2012 olim
529 1962 742 2011 indicari
778 1963 1000 2025 potuisse
1035 1978 1125 2025 per
1157 1963 1367 2026 siglum:
1403 1946 1447 2013 ὁ.
1479 1963 1547 2011 Of.
1568 1979 1668 2013 van
1686 1965 1840 2013 Leeu-

240 2065 376 2100 wen:
424 2050 554 2098 Acta
598 2049 749 2097 Acad.
798 2049 916 2112 Reg.
965 2064 1056 2097 ser.
1105 2049 1194 2097 ΠΙ.
1243 2051 1353 2098 tom
1399 2050 1446 2106 8,
1498 2050 1617 2099 fasc.
1657 2051 1683 2096 2
1725 2051 1841 2108 „het

239 2136 450 2198 onlangs
477 2135 735 2198 gevonden
755 2135 894 2183 werk
914 2150 1033 2183 over
1052 2135 1149 2183 den
1168 2134 1518 2184 Atheenschen
1538 2136 1705 2184 staat''
1725 2152 1837 2200 pag.

243 2221 335 2270 158
363 2236 464 2284 seq.
495 2220 594 2270 Cur
623 2227 797 2269 autem
827 2235 854 2269 e
882 2221 1069 2270 literis:
1102 2210 1582 2271 oceIPrACMeNoc
1601 2223 1841 2271 exciderit

239 2289 286 2367 ὁ,
314 2306 496 2355 clarius
526 2308 604 2355 est
632 2308 684 2354 et
714 2306 955 2369 apertius,
983 2321 1138 2368 quam
1156 2308 1217 2355 ut
1235 2307 1464 2370 pluribus
1481 2307 1837 2357 demonstrem.

305 2391 402 2441 Sed
445 2392 671 2440 nondum
714 2391 838 2440 satis
873 2391 1146 2440 lucramur.
1184 2392 1318 2441 Nam
1353 2393 1618 2442 haeremus
1652 2393 1840 2441 iterum

237 2477 291 2526 in
341 2477 506 2527 verbis
556 2476 803 2525 laudatis:
858 2477 886 2525 ὁ
930 2475 1030 2539 μὲν
1076 2477 1173 2543 γάρ
1218 2479 1648 2540 βασανιζόμενος
1681 2480 1842 2536 αὐτὸς

238 2563 334 2626 ἔφη
379 2561 709 2622 &nomentan
759 2579 888 2626 quae
924 2564 1077 2612 verba
1111 2580 1264 2627 quam
1301 2565 1521 2613 maxime
1556 2566 1840 2629 discrepant

237 2649 302 2696 ab
335 2649 422 2708 iis,
457 2664 587 2711 quae
621 2651 826 2698 exstant
858 2649 989 2710 §362
1030 2650 1123 2697 καὶ
1158 2650 1320 2715 πότερ’
1355 2650 1521 2710 ἄληθῆ
1559 2652 1726 2713 ἐστίν,
1764 2653 1838 2702 ὅτ’

237 2736 332 2796 ἔφη
365 2754 430 2797 με
461 2735 742 2800 εἰργάσθαι
777 2736 835 2783 τὸ
871 2736 1024 2800 ἔργον
1059 2739 1086 2795 ἢ
1122 2737 1193 2784 ὅτ’
1231 2738 1325 2786 οὐκ
1361 2738 1455 2799 ἔφη
1468 2753 1479 2796 ;
1510 2737 1644 2799 §392
1676 2740 1757 2787 ὅτι
1779 2769 1837 2774 -

236 2819 330 2882 ἤδη
363 2825 617 2870 τεθνεῶτα
653 2822 812 2870 αὐτὸν
847 2823 928 2870 ὑπ’
968 2824 1090 2885 ἐμοῦ
1120 2824 1413 2873 συνανελὼν
1442 2825 1532 2873 καὶ
1563 2826 1741 2882 ἐνθεὶς
1764 2826 1839 2881 εἰς

174 2904 177 2907 ⁴
236 2909 297 2956 τὸ
341 2907 517 2956 πλοῖον
551 2912 976 2958 καταποντώσειε.
1015 2909 1124 2970 §42
1160 2910 1273 2971 (sub
1309 2911 1506 2972 finem):
1546 2913 1573 2960 ὁ
1606 2911 1706 2972 μὲν
1740 2913 1839 2976 γάρ

238 2994 475 3058 ἐκβάντα
521 2994 674 3056 μ’ἔφη
719 2996 774 3043 ἐκ
820 3002 908 3044 τοῦ
948 2996 1122 3044 πλοίου
1169 2996 1473 3047 α’ποκτεῖναι
1513 2999 1604 3048 τὸν
1638 2998 1835 3064 ἄνδρα,
