2014 3412
999 302 1061 350 69

229 429 320 478 illa
370 430 524 479 verba
578 430 780 485 τούτοις
831 430 896 478 τά
942 427 1096 489 ψευδῆ
1143 443 1183 476 e.
1204 445 1250 490 q.
1271 444 1308 476 s,
1349 430 1547 492 singula
1581 431 1828 492 habeant,

201 515 364 578 quod
416 515 510 563 sibi
560 515 626 563 sit
677 516 981 578 oppositum.
1027 515 1110 562 Ita
1154 514 1277 561 satis
1324 515 1483 563 habeo
1531 519 1826 578 corruptum

228 599 410 648 ducere
455 614 560 648 voc.
597 593 787 665 λέγειν,
826 601 1028 662 eiusque
1063 599 1171 647 loco
1206 599 1500 659 restituere,
1535 601 1668 662 quod
1703 602 1826 651 bene

226 684 281 732 in
330 684 425 733 hoc
475 699 664 733 conexu
709 700 761 733 se
807 685 983 733 habet:
1035 686 1292 748 ἐλέγχειν,
1342 684 1403 733 de
1443 701 1542 747 quo
1580 687 1727 759 verbo
1763 688 1823 735 cf.

228 783 270 818 e.
304 783 350 831 g.
387 770 415 829 ἓ
451 768 538 816 84:
591 771 682 818 καὶ
733 777 789 819 οἱ
834 773 935 831 μὲν
985 770 1129 819 ἄλλοι
1182 770 1451 834 ἄνθρωποι
1497 780 1608 827 τοῖς
1657 773 1826 837 ἔργοις

227 853 345 909 τοὺς
389 855 574 919 λόγους
621 856 949 920 ἐλέγχουσιν,
982 848 1122 904 οὗτοι
1153 853 1209 903 δὲ
1244 864 1355 911 τοῖς
1389 857 1563 921 λόγοις
1600 858 1664 905 τοὶ
1699 859 1823 923 ἔργα

227 928 470 998 ζητοῦσιν
503 939 697 990 ἄπιστα
733 942 1073 990 καθιστάναι.

293 1025 354 1073 In
403 1026 498 1084 ei8‚
550 1041 679 1088 quae
732 1028 1039 1088 sequuntur,
1076 1015 1331 1075 Dobraeus
1347 1065 1358 1087 ,
1393 1027 1426 1075 J
1429 1028 1736 1076 ernstedtius
1772 1032 1825 1078 et

226 1110 589 1160 Herwerdenus
625 1111 777 1160 verba
808 1110 898 1159 διά
931 1113 1022 1170 τὴν
1049 1117 1137 1160 τοῦ
1167 1114 1408 1174 σώματος
1438 1114 1823 1174 κακοπάθειαν,

224 1195 356 1258 quod
390 1195 444 1243 in
477 1196 669 1243 tradita
703 1196 930 1244 codicum
966 1197 1180 1246 lectione
1210 1198 1399 1246 iustam
1427 1214 1530 1247 non
1547 1200 1824 1261 praebeant

225 1280 530 1329 seutentiam
547 1318 559 1336 ,
590 1280 748 1328 deleri
777 1280 981 1338 iubent,
1012 1297 1112 1343 quo
1142 1281 1275 1330 facto
1305 1285 1523 1345 pergunt
1553 1299 1666 1346 per:
1699 1285 1822 1334 ὄνει-

222 1363 313 1421 δος
330 1365 430 1430 γάρ
447 1366 566 1413 cett.
585 1365 671 1421 At,
693 1380 808 1413 cum
820 1365 1214 1428 haudquaquam
1226 1367 1483 1431 intellego,
1497 1369 1615 1431 quid
1634 1371 1727 1418 sibi
1740 1387 1822 1420 ve-

222 1450 287 1498 lit
302 1450 554 1513 particula
572 1451 671 1515 γάρ
688 1451 805 1511 (cui,
826 1451 867 1497 si
880 1451 1000 1512 quid
1015 1452 1192 1511 sentio,
1205 1453 1531 1514 praeferenda
1544 1457 1678 1503 esset
1690 1458 1820 1517 part.

225 1534 328 1597 δέ),
346 1537 460 1583 tum
477 1536 955 1598 periculosissimum
973 1536 1152 1593 iudicO‚
1172 1537 1341 1584 locum
1359 1537 1624 1599 difficilem,
1642 1539 1822 1588 fortas-

222 1636 275 1670 se
286 1622 594 1683 corruptum,
611 1620 686 1668 ita
703 1635 894 1676 sanare,
913 1623 972 1668 ut
988 1621 1283 1669 inducamus
1296 1637 1644 1686 quaecumque
1655 1624 1822 1673 locum

223 1705 476 1754 difficilem
509 1705 723 1753 reddant
752 1705 918 1754 verba.
957 1705 1085 1762 Quid
1115 1707 1250 1754 enim
1283 1707 1495 1769 impedit
1510 1744 1521 1766 ‚
1556 1710 1824 1770 quominus

222 1790 325 1839 levi
359 1789 645 1838 mutatione
679 1790 931 1852 legamus:
970 1819 1030 1826 —
1061 1790 1256 1850 τάληθῆ
1292 1793 1536 1855 ἐλέγχειν·
1576 1792 1669 1842 ὃια
1698 1794 1822 1848 (δὲ)

222 1876 315 1934 τὴν
353 1881 442 1923 τοῦ
470 1876 711 1936 σώματος
746 1877 1134 1935 κακοπάθειαν,
1173 1876 1376 1933 ὄνειδος
1411 1878 1549 1942 αὐτῷ
1586 1898 1636 1927 τε
1670 1881 1822 1929 cett&

287 1958 549 2019 Ceterum,
583 1961 645 2007 ut
678 1959 806 2006 nihil
837 1974 1038 2019 eorum,
1070 1976 1198 2022 quae
1228 1962 1289 2010 de
1319 1962 1413 2010 hoc
1440 1963 1548 2011 loco
1577 1965 1821 2024 sentiam,

221 2044 422 2092 silentio
457 2045 769 2106 praeteream
787 2082 798 2099 ,
835 2045 1032 2106 quoties
1066 2045 1190 2094 haec
1224 2047 1377 2094 verba
1411 2047 1660 2109 perlustro
1676 2086 1688 2104 ,
1724 2049 1820 2096 dis-

221 2128 373 2191 plicet
419 2128 544 2175 mihi
588 2128 716 2175 illud
760 2129 814 2176 in
859 2129 1006 2177 initio
1051 2130 1276 2192 positum
1321 2137 1471 2180 τοῦτο
1486 2171 1498 2189 ,
1532 2135 1584 2180 et
1618 2133 1820 2195 quidem

221 2228 350 2269 non,
395 2212 529 2274 quod
570 2213 765 2261 duobus
799 2215 1006 2261 tantum
1042 2214 1208 2262 verbis
1224 2251 1236 2274 ,
1273 2215 1376 2263 scil.
1415 2217 1513 2280 γάρ
1546 2212 1632 2277 ἦν,
1663 2218 1818 2266 inter-

220 2297 396 2362 positis
428 2297 696 2359 praecedat
729 2298 862 2346 idem
897 2313 1173 2360 pronomen
1211 2301 1411 2357 τούτοις
1427 2338 1438 2360 ,
1474 2302 1559 2350 sed
1587 2303 1707 2364 quia
1736 2319 1819 2352 vo-

219 2382 456 2431 cabulum
501 2389 650 2431 τοῡτο
697 2383 761 2430 ad
812 2384 1075 2445 sequentia
1109 2385 1328 2433 relatum
1379 2401 1684 2449 concoquere
1718 2404 1819 2437 non

218 2481 437 2530 possum.
472 2466 719 2529 Equidem
755 2468 931 2530 utique
960 2469 1286 2530 praetulerim
1303 2507 1314 2529 ‚
1344 2473 1459 2518 aut:
1491 2475 1693 2529 τούτοις
1723 2475 1819 2538 γάρ

221 2547 285 2612 ἦν
319 2554 599 2615 συμφέρον,
635 2559 832 2616 πρῶτον
864 2550 963 2612 μὲν
993 2554 1131 2609 (ὡς)
1165 2553 1652 2618 ἀπαρασκευότατον
1685 2574 1731 2621 q.
1764 2575 1818 2619 s.,

219 2637 334 2685 aut:
371 2637 571 2692 τούτοις
606 2636 704 2701 γάρ
740 2633 800 2696 ἣν
838 2644 986 2686 τοῦτο
1021 2642 1310 2703 συμφέρον,
1348 2647 1547 2706 πρῶτον
1563 2642 1665 2701 μὲν
1682 2648 1818 2707 (τῷ)

219 2720 709 2784 ἀπαρασκευότατον
746 2752 806 2758 -
844 2723 1011 2770 ἔπειτα
1050 2729 1186 2785 (τῷ)
1222 2731 1545 2776 κακοπαθεῖν
1569 2733 1696 2789 (με)
1714 2745 1761 2790 q.
1780 2745 1816 2777 s.

218 2805 279 2853 In
322 2806 416 2855 hac
459 2809 631 2856 autem
679 2808 842 2855 altera
886 2808 1176 2856 coniectura
1222 2826 1497 2872 pronomen
1535 2820 1682 2862 τοῦτο
1716 2829 1815 2861 non

220 2892 444 2952 spectare
497 2891 561 2938 ad
607 2892 870 2954 sequentia
884 2928 895 2950 ,
943 2891 1026 2940 sed
1071 2893 1135 2940 ad
1182 2909 1265 2953 ea,
1314 2911 1442 2957 quae
1489 2898 1816 2956 antecedant,

219 2988 322 3023 non
354 2977 432 3024 est
445 3011 457 3035 ,
491 2975 624 3038 quod
659 2975 885 3038 pluribus
915 2976 1090 3024 dicam.
