2014 3412
1029 269 1090 318 24

264 396 478 458 gendam
512 411 614 445 esse
629 433 641 455 ,
677 397 854 444 statim
888 396 1184 454 videbimus)
1219 394 1484 442 scelestum
1517 397 1569 443 et
1597 395 1846 444 nefarium

263 481 390 528 illud
438 481 629 529 facinus
676 482 987 543 perpetraret
1033 482 1084 528 et
1128 479 1304 527 deinde
1337 479 1521 527 iterum
1557 480 1690 528 domi
1727 494 1846 528 suae

265 566 490 613 cubitum
552 566 662 614 iret.
715 565 1069 626 Unusquisque
1120 563 1263 611 facile
1314 563 1574 623 concedet,
1623 579 1766 613 reum
1815 580 1848 612 a

265 650 452 698 verbis:
501 651 590 699 καὶ
634 651 725 698 ἐάν
768 653 838 713 μὴ
874 654 1022 710 φανῶ
1060 650 1116 698 ἐν
1150 651 1274 712 οἴκῳ
1309 648 1576 697 καθεύὸων
1609 649 1846 711 incipien-

264 736 398 793 tem,
445 750 544 783 non
592 751 795 798 pergere
841 737 1067 797 oportere
1111 749 1222 795 per:
1266 734 1421 796 ταύτῃ
1465 741 1522 795 τῇ
1556 734 1729 793 νυκτί,
1763 733 1848 782 sed

265 834 378 881 per,
413 820 545 881 quod
578 836 737 867 unum
771 823 907 868 reete
940 834 993 867 se
1029 819 1204 867 habet:
1237 820 1427 877 ταύτην
1456 820 1546 876 τὴν
1573 820 1733 867 νύκτα
1751 818 1784 866 i.
1803 823 1847 866 e.
1894 823 1896 825 ’

265 919 353 965 per
403 906 567 952 totam
617 905 830 954 noctem.
885 903 967 950 Ita
1013 917 1206 965 semper
1250 903 1563 951 aecusativus
1609 902 1848 965 temporis

265 989 486 1050 spatium
527 989 740 1046 indicat;
789 988 1011 1036 conferas
1026 1023 1038 1045 ,
1084 989 1144 1035 ut
1187 989 1391 1035 tantum
1425 1003 1485 1036 ex
1519 988 1704 1036 atticae
1739 1002 1848 1036 ora-

264 1075 417 1122 tionis
468 1074 790 1136 scriptoribus
843 1073 1060 1121 maxime
1110 1073 1332 1134 probatis
1375 1073 1604 1134 exempla
1649 1073 1848 1134 petam,

267 1157 614 1220 Aristophanis
661 1159 776 1206 nub.
825 1173 893 1206 vs,
934 1157 1021 1204 36:
1060 1162 1260 1220 στρέφει
1295 1160 1382 1216 τὴν
1417 1157 1576 1219 νύχθ’
1613 1157 1760 1215 ὅλην,
1797 1157 1850 1205 et

269 1243 493 1291 Platonis
541 1258 756 1305 sympos.
805 1243 897 1290 219
942 1256 1004 1290 o.:
1054 1244 1356 1303 κατεκείμην
1390 1244 1477 1300 τὴν
1513 1243 1671 1291 νύκτα
1707 1242 1851 1300 ὅλην,

268 1329 355 1375 ubi
404 1328 632 1375 additum
684 1331 761 1376 est
813 1343 915 1376 voc.
960 1328 1100 1386 ὃλην,
1149 1331 1207 1375 ut
1255 1328 1355 1387 vis,
1396 1343 1524 1389 quae
1564 1327 1850 1381 accusativo

267 1413 411 1469 inest,
450 1413 604 1460 etiam
640 1413 799 1475 magis
834 1413 1140 1461 intendatur.
1177 1413 1283 1461 Hoe
1318 1413 1463 1460 modo
1499 1413 1699 1475 scripta,
1717 1413 1852 1474 prior

267 1497 423 1559 igitur
467 1512 580 1558 pars
627 1498 893 1545 verborum
939 1498 1038 1544 iam
1089 1500 1222 1546 reete
1267 1513 1318 1546 se
1361 1498 1589 1555 habebit;
1626 1501 1708 1556 at,
1743 1512 1853 1546 ecee

267 1583 369 1629 iam
399 1597 553 1641 nova,
590 1597 718 1644 quae
753 1584 867 1630 orta
901 1585 976 1630 est
1010 1583 1289 1630 difficultas
1324 1582 1577 1639 Quomodo
1612 1582 1746 1630 enim
1780 1582 1853 1632 rei

270 1665 444 1715 δοῦλοι
479 1669 531 1715 et
565 1666 743 1715 δοῦλαι
777 1668 899 1715 seire
935 1669 986 1715 et
1020 1668 1230 1729 probare
1262 1668 1565 1729 potuerunt,
1593 1666 1852 1714 dominum

268 1767 357 1813 per
405 1754 570 1800 totam
621 1755 821 1800 noctem
869 1752 1004 1800 domi
1050 1752 1231 1800 fuisse?
1279 1751 1387 1799 Hoe
1434 1754 1557 1813 puto
1599 1767 1700 1800 non
1743 1753 1852 1800 tam

267 1837 411 1884 facile
457 1837 519 1883 ad
554 1837 996 1885 demonstrandum
1034 1837 1213 1895 fuisse,
1248 1836 1343 1883 nisi
1379 1836 1509 1884 forte
1542 1836 1733 1884 adferre
1765 1851 1851 1885 vo-

267 1923 437 1970 lumus
487 1924 844 1985 argumentum
898 1922 1176 1984 quoddam,
1228 1921 1360 1984 quod
1412 1924 1603 1970 eertum
1651 1921 1853 1983 quidem

269 2022 372 2054 esse
423 2007 617 2068 potuit,
670 2006 754 2053 sed
800 2008 972 2054 tamen
1016 2006 1240 2054 omnium
1287 2006 1503 2054 maxime
1549 2006 1854 2055 reiciendum

269 2093 359 2139 est.
412 2091 484 2139 Ob
535 2091 623 2138 has
668 2092 789 2138 duas
837 2091 1154 2139 difficultates
1200 2091 1299 2138 alia
1344 2107 1434 2154 ego
1479 2092 1675 2140 ratione
1717 2091 1854 2150 loco,

268 2175 534 2223 manifesto
579 2176 876 2236 depravato,
926 2176 1276 2237 opitulandum
1322 2178 1459 2236 puto.
1497 2175 1596 2223 Ubi
1630 2175 1764 2224 enim
1799 2175 1852 2222 in

269 2275 370 2307 uno
404 2260 673 2321 eodemque
709 2260 849 2307 brevi
883 2261 1150 2308 verborum
1178 2260 1438 2321 complexu
1467 2260 1565 2308 duo
1595 2260 1675 2308 vel
1695 2259 1850 2307 etiam

269 2344 414 2406 plura
447 2345 574 2392 vitia
609 2346 836 2400 exstant,
872 2346 990 2392 ante
1026 2345 1194 2392 omnia
1227 2345 1332 2403 lex,
1368 2345 1420 2391 in
1457 2345 1728 2393 exercenda
1744 2345 1854 2391 arte

270 2429 444 2476 oritiea
475 2444 669 2490 semper
704 2429 1036 2487 observanda,
1071 2428 1360 2491 investigari
1388 2428 1553 2487 iubet,
1581 2444 1703 2476 num
1723 2429 1853 2478 forte

269 2514 545 2561 eommunis
590 2514 829 2562 vitiorum
879 2514 1008 2561 adsit
1043 2514 1193 2576 origo.
1230 2506 1351 2561 Inde
1383 2514 1710 2575 proficiscenti
1742 2515 1854 2562 tota

270 2597 394 2643 mihi
428 2598 626 2646 videtur
660 2598 949 2660 depravatio
983 2599 1098 2646 inde
1134 2601 1245 2646 orta
1279 2614 1409 2657 esse,
1443 2599 1575 2661 quod
1607 2600 1855 2661 particula

266 2686 337 2741 μή
386 2696 477 2728 sua
530 2682 640 2729 sede
693 2682 899 2743 depulsa
951 2685 1002 2730 et
1054 2683 1215 2730 alieno
1269 2682 1376 2730 loeo
1426 2683 1615 2731 inserta
1665 2684 1744 2731 sit.
1792 2683 1851 2732 of.

269 2766 326 2827 β.
375 2765 471 2824 §fx
520 2765 600 2812 Ita
641 2766 896 2827 equidem,
943 2766 1178 2814 traducta
1219 2768 1422 2813 tantum
1456 2769 1584 2828 part.
1619 2773 1690 2828 μή
1725 2768 1852 2830 lege-

268 2851 385 2897 rim:
436 2851 526 2898 καί
573 2850 663 2898 ἐάν
714 2856 860 2911 φανῶ
907 2854 1061 2915 ταύτῃ
1095 2859 1152 2912 τῇ
1188 2852 1335 2899 νυκτὶ
1369 2853 1438 2912 μὴ
1474 2852 1528 2900 ἐν
1564 2855 1686 2916 οἴκῳ
1720 2857 1852 2900 καθ-

269 2933 426 2983 εύδων
464 2951 510 2998 q.
532 2951 594 2994 s,
632 2952 730 2999 qua
765 2937 1151 3000 transpositione
1187 2938 1239 2984 et
1270 2938 1401 2985 reete
1435 2951 1485 2984 se
1515 2937 1669 2986 habet
1701 2938 1851 2986 dandi
