2014 3412
958 289 1018 338 41

187 419 314 469 bene
361 417 593 481 equidem
642 417 796 466 sciam
810 453 822 476 ,
873 416 1182 466 correctricis
1228 430 1408 463 manus
1452 416 1755 477 scripturam
1773 453 1784 475 ,

189 503 484 568 praesertim
520 503 562 551 si
596 502 646 550 id
660 539 672 562 ,
707 502 840 565 quod
869 502 1032 565 prima
1060 517 1241 550 manus
1269 501 1471 550 exhibet
1486 537 1498 559 ,
1516 499 1784 548 manifesto

60 584 62 586 ¹
121 619 127 623 -
191 591 487 652 corruptum
551 588 644 647 sit,
699 602 1057 650 saepenumero
1107 587 1234 634 nihil
1285 586 1383 634 nisi
1437 600 1632 634 meram
1680 599 1787 633 esse

191 674 556 734 coniecturam,
602 673 746 721 nulla
788 673 1031 721 librorum
1079 672 1215 720 MSS.
1255 671 1562 720 auctoritate
1596 671 1759 718 nisam
1775 706 1787 728 ,

191 761 366 808 tamen
398 759 446 807 h.
475 759 508 808 1.
545 759 695 806 nimis
732 758 962 807 celeriter
995 757 1234 806 abiecisse
1269 759 1446 819 putem
1479 756 1788 804 recentiores

190 843 407 895 editores
452 844 722 893 lectionem
769 843 1100 906 aptissimam.
1147 841 1280 890 Nam
1296 879 1308 901 ,
1353 842 1395 889 si
1442 841 1487 888 A
1511 844 1658 889 corr.²
1693 841 1788 888 lec-

189 929 383 979 tionem
428 929 686 992 sequimur
699 965 711 988 ,
757 944 902 977 reum
946 928 1042 975 tali
1087 927 1329 976 orationis
1375 927 1523 975 initio
1558 927 1790 974 utentem

191 1013 428 1075 facimus,
462 1017 522 1063 ut
547 1015 727 1074 verba,
757 1029 888 1077 quae
915 1013 1106 1076 profert
1122 1050 1134 1072 ,
1164 1013 1216 1060 in
1246 1012 1344 1061 duo
1379 1012 1606 1060 membra
1625 1010 1792 1058 distri-

192 1100 416 1148 buantur
430 1137 443 1160 ,
478 1115 607 1163 quae
641 1115 673 1147 a
706 1099 968 1162 particulis
1001 1102 1102 1160 μέν
1130 1099 1183 1146 et
1213 1097 1277 1146 δέ
1301 1098 1572 1146 ordiuntur
1587 1133 1598 1155 ,
1627 1111 1658 1143 a
1675 1110 1794 1158 quo-

192 1199 309 1232 rum
353 1185 514 1234 altero
556 1186 656 1234 duo
703 1185 868 1233 denuo
915 1183 1200 1246 dependent
1246 1183 1382 1243 cola,
1429 1197 1488 1231 ea
1531 1195 1730 1244 quoque
1763 1195 1795 1226 a

133 1274 137 1278 ’
192 1274 292 1332 μέν
326 1272 381 1320 et
415 1269 478 1319 δέ
507 1271 813 1320 incohantia.
846 1270 955 1318 Hoc
983 1269 1132 1317 modo
1162 1269 1320 1317 talem
1349 1268 1664 1330 assequimur
1687 1281 1795 1314 ver-

193 1357 374 1407 borum
419 1371 663 1406 conexum
680 1393 692 1415 ,
737 1355 900 1418 qualis
942 1370 1029 1417 per
1061 1369 1113 1402 se
1147 1355 1401 1416 spectatus
1437 1352 1714 1400 rectissime
1743 1365 1796 1398 se

194 1441 352 1491 habet
364 1479 376 1502 ,
427 1441 730 1504 qualemque
780 1441 958 1488 statim
1010 1440 1221 1502 probare
1272 1439 1442 1486 nullus
1487 1437 1797 1495 dubitarem,

195 1528 295 1578 nisi
338 1527 417 1587 id,
463 1527 596 1590 quod
631 1526 692 1575 de
728 1527 770 1574 A
789 1526 935 1574 corr.⁵³
970 1525 1100 1584 dixi,
1135 1527 1196 1572 ut
1229 1526 1378 1572 caute
1414 1537 1650 1586 agamus,
1684 1535 1796 1569 sua-

197 1613 353 1663 deret.
409 1611 495 1661 Sin
547 1626 664 1660 cum
714 1611 907 1659 Blassio
959 1612 1012 1659 et
1052 1610 1085 1658 J
1087 1609 1390 1668 ernstedtio,
1436 1623 1566 1670 quae
1607 1606 1703 1655 NA
1722 1621 1797 1668 pr.

198 1698 463 1756 exhibent,
496 1711 785 1759 sequemur,
821 1695 991 1744 omnia
1007 1731 1018 1753 ‚
1053 1709 1182 1756 quae
1211 1693 1359 1742 modo
1391 1692 1800 1740 enumeravimus

199 1782 464 1834 commoda
513 1783 826 1830 evanescent.
878 1780 1007 1828 Tum
1054 1779 1191 1828 enim
1236 1779 1456 1826 alterum
1504 1777 1773 1826 verborum
1788 1812 1801 1835 ,

198 1869 381 1934 quibus
430 1867 711 1916 orationem
764 1880 908 1913 suam
960 1864 1139 1926 incipit
1185 1878 1302 1912 reus
1317 1901 1329 1923 ,
1378 1862 1663 1911 membrum
1709 1861 1803 1910 hoc

201 1955 326 2006 erit:
359 1954 497 2015 ὑμᾶς
532 1950 588 2000 δὲ
623 1956 726 2015 χρή
761 1980 825 1985 ——
858 1952 997 2012 ὑμᾶς
1032 1948 1088 1998 δὲ
1126 1950 1282 2005 ὁσίως
1317 1949 1444 2013 ὁρᾶν
1480 1951 1713 2012 προςήκει
1739 1945 1804 1994 τά

200 2042 539 2105 πραχθέντα;
585 2037 942 2087 molestissima
981 2037 1139 2099 igitur
1173 2035 1417 2083 efficietur
1450 2033 1687 2096 repetitio
1703 2069 1715 2091 ,
1750 2033 1805 2079 in

200 2141 303 2189 qua
338 2125 514 2174 verba:
551 2126 692 2185 ὑμᾶς
727 2121 793 2171 δέ
821 2124 874 2170 et
910 2125 1142 2186 προςήκει
1171 2120 1320 2183 plane
1349 2119 1623 2166 abundent.
1657 2117 1804 2180 Ergo,

202 2211 245 2259 si
288 2210 401 2274 quis
445 2210 716 2260 lectionem
763 2207 858 2256 NA
876 2223 949 2270 pr.
998 2206 1203 2255 omnino
1248 2203 1546 2252 servandam
1586 2202 1778 2250 iudicat
1794 2237 1806 2260 ‚

203 2298 385 2345 auctor
434 2296 480 2345 ei
529 2308 670 2354 sum,
726 2295 812 2352 ut,
861 2293 1030 2341 deleta
1075 2293 1191 2354 post
1233 2291 1316 2339 ὅτι
1359 2292 1506 2350 ἡμεῖς
1556 2286 1807 2350 particula

201 2383 329 2444 μέν,
362 2366 470 2444 pro,
487 2380 677 2429 verbis:
714 2378 853 2438 ὑμᾶς
883 2376 930 2425 δ’
951 2377 1107 2432 ὁσίως
1136 2377 1265 2439 ὁρᾶν
1294 2377 1530 2439 προςήκει
1558 2372 1622 2420 τᾶ
1640 2390 1806 2435 πραχ-

207 2470 370 2517 θέντα
405 2467 668 2516 restituat:
707 2465 860 2520 ὁσίως
896 2465 1024 2528 ὁρᾶν
1061 2464 1220 2527 (πρὸς
1254 2463 1378 2517 οὓς)
1415 2464 1647 2520 προςήκει
1664 2478 1706 2506 τ.
1727 2476 1805 2519 πρ.

206 2552 348 2610 Quod
397 2551 461 2599 ad
511 2551 688 2600 verba:
744 2550 874 2613 πρὸς
919 2551 1010 2605 οὓς
1056 2553 1314 2612 προςήκει,
1362 2545 1588 2595 conferas
1623 2558 1808 2606 quaeso

208 2637 453 2687 Herodoti
478 2637 598 2685 VIII
613 2673 625 2696 ,
656 2638 683 2695 ἓ
707 2636 821 2684 ΙΟΟ;
853 2633 1005 2684 οὐδὲν
1034 2635 1156 2698 πρὸς
1178 2635 1384 2696 Πέρσας
1405 2637 1551 2680 τοῦτο
1573 2633 1806 2695 προςήκει

207 2724 268 2772 τὸ
312 2723 497 2779 πάθος.
534 2750 595 2757 -
630 2722 702 2770 At
747 2721 911 2780 vides,
957 2735 1111 2783 quam
1154 2719 1379 2768 violenta
1412 2718 1516 2765 sint
1551 2717 1722 2764 omnia
1757 2716 1810 2762 in

207 2809 303 2858 hoc
315 2845 327 2868 ,
346 2811 407 2857 ut
423 2807 519 2856 NA
537 2823 610 2870 pr.
631 2807 885 2869 scriptura
903 2820 992 2868 pro
1013 2805 1344 2852 fundamento
1363 2804 1588 2860 utamur,
1608 2802 1811 2859 conatu,

210 2896 264 2944 et
310 2893 550 2953 molesta,
595 2907 750 2955 quam
784 2893 960 2940 contra
993 2891 1048 2938 in
1081 2890 1172 2938 illa
1205 2888 1420 2938 lectione
1454 2887 1606 2950 plana
1639 2885 1811 2934 omnia

210 2982 264 3030 et
296 2979 544 3044 expedita.
582 2978 711 3036 Quin
746 2977 905 3041 igitur
933 2975 1292 3026 subscribimus
1322 2973 1418 3032 eiS,
1446 2986 1574 3036 quae
1593 2970 1638 3019 A
1657 2971 1804 3020 corr.²
