2014 3412
1014 271 1042 319 7

291 394 353 441 A.
387 391 448 455 β.
484 393 512 454 5
565 392 619 440 2:
658 394 1007 457 προβέβληκεν
1212 396 1555 458 ἐμβέβληκεν,
1570 416 1690 447 nam
1707 401 1820 461 loci,

1276 501 1400 548 quos
1471 487 1693 536 Blassius
1770 489 1823 536 in

1282 571 1452 620 adnot.
1505 587 1596 619 sua
1652 574 1825 622 critica

1281 655 1432 704 affert
1447 692 1460 715 ,
1544 657 1671 704 nihil
1758 658 1822 705 ad

1275 755 1396 789 rem.

294 825 354 872 B.
407 843 452 890 y.
490 827 519 887 5
571 827 621 874 5:
658 826 1014 877 ἄκοντίσαντα
1206 827 1595 876 ἀποκτείναντα.

289 913 339 958 Γ
399 930 435 959 α
488 913 517 972 5
570 913 622 960 2:
660 914 820 975 φῦλον
1214 916 1364 978 γένος
1382 913 1442 962 cf.
1462 913 1519 961 R.
1541 913 1748 963 Schoell.
1767 915 1821 962 in

1205 998 1368 1046 Fleck.
1402 1013 1517 1046 ann.
1550 998 1676 1046 CIII.
1706 1014 1817 1062 pag.

1275 1084 1383 1132 299.

406 1188 455 1235 γ.
495 1172 524 1232 5
576 1171 627 1218 2:
666 1172 839 1236 ῥώμης
1205 1171 1357 1235 ὥρας.

198 1282 202 1284 v
292 1254 351 1304 V.
491 1257 520 1317 5
539 1254 626 1306 71:
666 1259 790 1313 ἴσως
1206 1259 1333 1311 ἴσως
1363 1255 1430 1302 ἄν
1459 1255 1518 1303 cf.
1546 1254 1720 1303 Cobeti
1738 1255 1770 1302 l.
1790 1255 1822 1303 l.

1277 1357 1389 1404 pag.
1423 1341 1530 1390 286.

485 1427 618 1489 588:
655 1429 825 1476 εἵνεκα
1212 1431 1358 1476 ἕνεκα
1403 1427 1463 1474 cf.
1513 1426 1686 1474 Cobeti
1722 1426 1753 1473 l.
1789 1426 1821 1474 1.

1287 1528 1398 1575 pag.
1438 1512 1546 1560 287.

662 1599 820 1647 τᾶλλα
857 1600 955 1647 ὅσοι
1227 1591 1363 1645 τᾶλλ’
1402 1598 1579 1646 ὁπόσα.

492 1686 627 1747 591:
665 1687 723 1734 τὸ
758 1684 814 1734 δὲ
850 1689 1017 1750 ἕτερον
1050 1687 1150 1733 καί
1231 1678 1290 1733 τὸ
1324 1682 1379 1732 δὲ
1416 1687 1594 1747 ἕτερον,

291 1769 376 1819 VI.
483 1773 512 1832 5
532 1771 616 1819 28:
652 1773 1196 1836 καταμαρτυρούντων
1226 1772 1636 1832 μαρτυρούντων.

490 1857 619 1919 536:
658 1864 856 1922 πρῶτον
1222 1863 1390 1917 μόνον
1421 1855 1483 1903 cf.
1520 1854 1776 1903 Herwerd.

1230 1942 1400 1990 Mnem
1439 1940 1527 2000 XI,
1563 1955 1675 2009 pag.
1714 1938 1823 1986 229.

487 2031 516 2090 5
534 2029 621 2078 40:
660 2028 825 2088 ἐπειδὴ
910 2030 1120 2077 ἐπύθετο
1231 2026 1398 2086 ἐπειδὴ
1459 2044 1554 2088 μοι
1612 2027 1825 2075 ἐπύθετο

660 2120 1019 2180 προειρημένον
1037 2132 1131 2176 μοι
1230 2115 1589 2177 προειρημένον
1674 2115 1822 2175 εἵργε-

656 2203 918 2266 εἴργεσθαι
1303 2206 1450 2248 σθαι.

289 2283 400 2334 Scio
435 2286 692 2350 equidem,
727 2287 860 2345 fore,
896 2287 984 2349 qui
1017 2287 1329 2344 exclament,
1365 2301 1445 2334 me
1474 2285 1621 2334 valde
1650 2283 1820 2344 inique

188 2358 191 2359 ⁷
223 2385 398 2434 agere,
434 2386 550 2420 cum
585 2373 762 2421 eodem
797 2373 946 2435 plane
982 2372 1129 2420 modo
1158 2371 1432 2420 identidem
1462 2372 1725 2433 peccatum
1755 2368 1821 2416 sit

129 2457 131 2459 ’
222 2455 278 2504 in
327 2457 432 2506 cod.
483 2456 788 2520 Crippsiano.
838 2456 909 2504 At
954 2457 1047 2505 hoc
1091 2458 1258 2519 ipsum
1307 2459 1410 2515 est,
1453 2471 1542 2504 cur
1575 2458 1656 2503 tot
1691 2456 1822 2503 locos

224 2541 588 2605 adscripserim.
636 2541 794 2602 Nam,
830 2557 944 2590 cum
982 2556 1041 2590 ea
1075 2541 1229 2600 vitia,
1264 2557 1392 2602 quae
1421 2541 1709 2604 vulgaribus
1740 2539 1821 2587 de-

224 2627 603 2690 pravationibus
648 2628 922 2686 debentur,
968 2641 1129 2688 neque
1175 2627 1450 2688 quidquam
1497 2626 1561 2673 ad
1596 2626 1821 2675 codicum

223 2713 585 2775 praaetantiam
639 2713 871 2761 adferant
920 2714 971 2760 et
1026 2711 1169 2760 facile
1216 2714 1518 2760 excusentur
1533 2749 1544 2771 ,
1593 2711 1820 2759 consulto

223 2797 342 2846 hinc
389 2797 532 2846 illinc
580 2799 709 2847 tales
761 2798 985 2860 congessi
1029 2797 1187 2853 locOS‚
1236 2812 1263 2845 e
1299 2797 1482 2859 quibus
1529 2799 1821 2859 appareret,

225 2884 537 2945 quantopere
571 2897 662 2931 nos
696 2883 749 2930 in
785 2882 1144 2930 difficilioribus
1173 2882 1417 2931 adiuvent
1446 2882 1623 2930 codicis
1651 2883 1696 2930 A
1724 2883 1822 2930 lec-

160 2993 163 2995 >
224 2967 401 3017 tiones
450 2967 502 3016 Si
548 2968 683 3017 enim
731 2968 917 3016 talibus
964 2967 1135 3029 eisque
1179 2967 1310 3015 haud
1354 2968 1524 3029 paucis
1557 2967 1679 3016 locis
1716 2967 1821 3015 cod.
