2014 3412
993 282 1052 331 13

203 407 339 459 dant
373 407 672 471 optativum
705 423 821 457 cum
854 407 1104 471 particula
1138 407 1208 456 ἄν
1244 407 1572 456 coniunctum
1587 445 1599 467 ‚
1634 424 1735 470 qua
1768 410 1830 458 dc

203 473 284 544 ste
326 493 552 543 conferas
597 493 770 543 Cobeti
814 509 920 542 var.
968 493 1085 542 lect.
1132 507 1244 555 pag.
1295 491 1401 540 106.
1453 492 1660 540 Frustra
1694 494 1828 541 enim

226 579 404 630 docere
446 579 742 628 crediderim
789 594 905 628 cum
945 578 1201 627 Goelkelio
1238 578 1395 625 etiam
1431 577 1829 641 Frohbergerum

213 665 295 735 ad
333 665 511 728 Lysiae
556 665 728 714 XXXI
774 664 884 727 §24
901 701 913 724 ,
947 664 1000 712 in
1034 663 1225 712 talibus
1259 663 1377 711 ferri
1411 678 1553 726 posse
1589 663 1830 714 Coniunc-

227 750 412 801 tivum.
464 751 650 800 Omnes
695 751 831 799 enim
877 750 975 799 loci
993 787 1004 809 ,
1048 749 1136 812 qui
1180 749 1235 796 in
1274 748 1519 797 eiusmodi
1553 749 1830 813 interroga-

200 836 451 886 tionibus
497 836 768 886 secundam
813 837 907 899 aut
955 835 1164 884 tertiam
1197 849 1463 896 personam
1500 833 1830 884 Coniunctivo

228 922 553 972 coniunctam
596 922 868 985 praebent,
915 920 996 970 vel
1028 919 1276 982 ⁸Optativo
1310 919 1417 967 sine
1453 919 1521 968 ἄν
1554 920 1832 982 particula,

225 1020 346 1059 cum
396 1006 584 1057 Cobeto
634 1006 900 1071 depravati
952 1020 1058 1055 csse
1109 1004 1368 1053 statuendi
1420 1007 1583 1053 erunt.
1669 1006 1832 1055 Facile

225 1095 400 1143 autem
449 1093 748 1156 plerumque
781 1092 1055 1155 genuinam
1089 1091 1359 1139 lectionem
1395 1106 1688 1154 recuperare
1721 1107 1830 1154 pos-

225 1194 402 1228 sumus
449 1180 543 1227 aut
586 1177 918 1226 Coniunctivo
953 1176 1008 1224 in
1042 1175 1292 1224 Futurum
1327 1177 1575 1224 mutando
1609 1178 1701 1224 aut
1741 1176 1826 1224 ad-

224 1264 388 1314 denda
421 1263 659 1327 Optativo
694 1262 944 1325 particula
983 1261 1066 1310 ἄν.

290 1349 530 1407 Quamvis
572 1349 731 1412 igitur
779 1348 834 1395 in
887 1348 1183 1397 universum
1230 1349 1281 1396 in
1326 1348 1517 1396 talibus
1564 1348 1827 1397 sententiis

223 1435 381 1486 tertia
422 1449 638 1498 persona
679 1448 880 1482 necesse
926 1434 994 1481 sit
1038 1434 1376 1496 coniungatur
1428 1449 1543 1482 cum
1590 1432 1828 1495 Optativo

226 1519 402 1570 addita
433 1519 686 1584 particula
719 1518 803 1578 ἄν,
839 1521 1014 1567 tamen
1048 1519 1142 1567 hoc
1176 1519 1286 1567 loco
1320 1533 1440 1581 prae
1474 1519 1650 1566 ceteris
1681 1520 1829 1567 caute

224 1606 599 1670 prudenterque
633 1605 885 1667 agendum
921 1620 1110 1654 censeo,
1160 1605 1296 1653 Nam
1326 1605 1427 1652 alia
1456 1605 1615 1654 etiam
1630 1641 1641 1663 ,
1672 1619 1828 1666 eaque

224 1690 361 1741 haud
394 1693 586 1740 temere
620 1691 897 1753 spernenda
933 1693 1159 1754 superest
1192 1691 1347 1750 rati0‚
1382 1689 1656 1740 secundum
1674 1705 1827 1751 quam

223 1775 586 1826 Coniunctivus
649 1777 775 1841 ἔλθῃ
831 1777 935 1824 iam
986 1776 1150 1825 multo
1202 1776 1361 1839 magis
1411 1776 1605 1838 placere
1654 1774 1825 1837 possit.

224 1861 344 1920 Quis
393 1862 529 1911 enim
580 1863 658 1911 est
708 1862 1008 1924 ἅνθρωπος,
1060 1862 1174 1924 qui,
1226 1877 1326 1924 quo
1377 1861 1476 1910 alio
1526 1875 1578 1908 se
1629 1861 1827 1918 vertat,

223 1947 416 1999 nescire
459 1947 678 1996 dicitur&
729 1947 986 1996 Nimirum
1032 1947 1140 2010 ipse
1183 1949 1366 1996 orator.
1421 1945 1516 1995 Sed
1559 1947 1675 1993 tum
1720 1959 1828 1994 voc.

224 2052 309 2090 τις
351 2034 455 2082 iam
502 2033 662 2082 valet:
713 2035 835 2098 ἐγώ,
883 2035 936 2082 et
981 2034 1106 2097 ἔλθῃ
1151 2051 1232 2089 τις
1277 2033 1411 2080 idem
1453 2033 1529 2079 est
1573 2045 1632 2079 ac
1665 2031 1828 2090 ἔλθω,

224 2134 380 2183 quam
413 2119 630 2169 formam
664 2135 725 2168 ex
756 2120 839 2179 iis,
881 2134 1011 2182 quae
1046 2134 1198 2182 supra
1235 2117 1603 2180 disputavimus
1637 2117 1827 2179 optime

225 2219 278 2254 se
322 2204 506 2254 habere
548 2205 783 2254 vidimus.
821 2204 881 2254 cf.
921 2204 1145 2268 Sophocl.
1179 2204 1316 2252 Aiac.
1354 2219 1424 2252 vs,
1463 2202 1586 2252 4032
1623 2211 1717 2250 ποῖ
1743 2220 1827 2258 τις

223 2294 310 2341 οὖν
328 2293 487 2358 φύγῃ;
507 2301 604 2341 ποῖ
612 2293 787 2353 μολὼν
804 2298 942 2353 μενῶ
953 2307 965 2351 ;
987 2291 1231 2354 Equidem
1251 2290 1410 2354 igitur
1429 2290 1498 2338 sic
1517 2305 1715 2338 censeo:
1736 2291 1826 2337 aut

223 2376 300 2426 ita
332 2378 684 2441 explicandum
719 2393 852 2437 esse,
881 2380 942 2426 ut
970 2377 1123 2426 verba
1152 2378 1277 2441 πρὸς
1306 2378 1460 2431 τίνας
1489 2368 1582 2424 οὖν
1600 2375 1727 2440 ἔλθῃ
1743 2393 1827 2430 τις

223 2461 455 2524 βοηθούς
483 2464 732 2513 rhetorice
760 2463 926 2526 posita
955 2463 1059 2511 sint
1087 2478 1202 2525 pro:
1234 2463 1358 2527 πρὸς
1391 2463 1545 2517 τίνας
1575 2464 1662 2510 οὖν
1689 2462 1828 2509 ἔλθω

151 2537 154 2540 ’
223 2550 483 2612 βοηθούς,
517 2552 610 2599 aut
642 2551 858 2613 probata
889 2549 1070 2598 codicis
1099 2549 1143 2597 A
1171 2548 1404 2596 lectione:
1440 2548 1615 2606 ἔλθοι,
1646 2547 1827 2596 adden·
1854 2553 1857 2555 ’

223 2633 342 2684 dam
377 2651 482 2685 esse
515 2638 630 2699 post
664 2651 768 2685 voc.
807 2652 889 2690 τις
922 2634 1229 2698 particulam
1263 2633 1345 2682 ἄν.

289 2719 523 2770 Ceterum
549 2711 628 2769 *in
673 2721 998 2784 sequentibus
1043 2719 1413 2768 intolerabilem
1461 2733 1565 2767 esse
1608 2716 1824 2767 formam

223 2806 436 2866 ἄλλοθι,
497 2807 771 2870 reponique
821 2821 911 2869 pro
964 2821 1022 2854 ea
1073 2804 1276 2862 debere,
1326 2804 1460 2867 quod
1510 2802 1826 2866 proposuerit

224 2893 507 2944 Hertlinius
550 2892 770 2941 Hermae
818 2891 916 2948 XII
965 2889 1129 2953 (1877)
1176 2905 1287 2952 pag.
1342 2889 1447 2937 182.
1485 2889 1586 2937 scil.
1625 2888 1824 2948 ἄλλοσε,

167 2983 170 2988 ’
222 2980 309 3031 vix
344 2979 444 3029 erit
507 2979 640 3042 quod
674 2978 902 3042 pluribus
938 2990 1189 3025 moneam.
