2014 3412
1054 308 1118 357 48

297 434 453 483 ticula
485 434 715 483 omnibus
742 434 1111 483 reluctantibus
1138 435 1190 482 in
1220 437 1418 483 textum
1447 436 1725 499 inrepserit.
1761 439 1884 488 Mihi

299 519 500 582 quidem
544 519 597 566 in
644 520 738 567 hac
783 534 836 567 re
878 519 1171 582 prudentius
1208 519 1363 582 egisse
1397 520 1596 568 videtur
1630 521 1884 583 Reiskius,

299 604 386 665 qui
428 604 549 652 haec
589 603 823 651 adnotat:
865 604 1051 666 „liquet
1086 606 1201 666 post
1235 605 1331 652 καί
1359 605 1661 653 vocabulum
1696 607 1882 656 deside-

298 688 425 746 rari,
460 703 500 735 e.
520 703 559 736 c.
597 688 852 748 ποριστάς.
905 687 982 736 Sic
1010 688 1230 750 appellat
1258 704 1396 736 mare
1424 690 1725 752 terramque,
1755 705 1883 753 quae

299 773 520 821 humano
563 773 732 835 generi
777 773 841 820 ad
881 773 1072 821 victum
1108 774 1401 835 cultumque
1434 775 1708 822 necessaria
1741 791 1882 838 prae—

299 858 445 913 bent,
491 858 614 905 item
658 860 928 921 συνεργούς
972 858 1132 919 possit
1177 858 1422 919 suppleri,
1468 861 1559 906 aut
1591 859 1727 907 aliud
1762 859 1880 922 quid

298 942 507 990 simile.''
557 942 730 1004 Neque
775 945 1035 990 cunctarer
1068 943 1283 1004 recipere
1318 943 1445 991 hanc
1478 943 1664 990 Reiskii
1694 943 1882 992 coniec-

299 1028 468 1073 turam
484 1064 495 1082 ,
531 1041 658 1088 quae
693 1027 856 1074 multo
892 1028 1049 1089 magis
1084 1027 1275 1088 placet,
1317 1042 1468 1088 quam
1500 1027 1633 1089 quod
1651 1027 1882 1091 Spengel-

298 1111 376 1157 ius
421 1110 545 1157 Mus.
591 1111 744 1158 Rhen.
794 1111 936 1158 XVII
979 1126 1088 1172 pag.
1143 1110 1231 1156 169
1280 1111 1517 1172 protulit:
1566 1116 1785 1174 τροφέας
1830 1131 1883 1160 τε

299 1196 391 1243 καὶ
424 1197 667 1258 τροφούς,
705 1195 799 1242 nisi
834 1195 884 1242 id
919 1210 999 1242 me
1027 1195 1291 1252 retineret,
1324 1196 1456 1257 quod
1484 1197 1694 1244 verbum
1723 1215 1882 1260 παρα-

300 1279 510 1329 διδόναι
558 1283 610 1328 et
653 1280 836 1327 similia
881 1281 955 1327 ita
1000 1279 1222 1327 adhiberi
1267 1280 1431 1327 solent
1451 1316 1463 1338 ,
1511 1282 1571 1328 ut
1620 1281 1698 1336 id,
1749 1281 1883 1344 quod

300 1365 543 1421 ostendit,
594 1379 743 1426 quem
787 1364 850 1411 ad
894 1364 1046 1412 finem
1079 1364 1312 1411 tradatur
1347 1364 1597 1412 obiectum
1631 1380 1880 1427 gramma-

298 1451 454 1498 ticum
471 1486 483 1509 ,
515 1465 616 1497 non
650 1464 738 1511 per
771 1446 988 1496 alterum
1023 1449 1365 1496 accusativum
1380 1487 1392 1503 ,
1428 1449 1761 1511 praedicative
1794 1450 1879 1498 ad-

299 1535 461 1582 ditum
478 1572 489 1590 ‚
535 1533 855 1596 significetur,
901 1533 983 1580 sed
1031 1548 1119 1595 per
1162 1532 1490 1581 Infinitivum.
1542 1533 1722 1582 Videas
1755 1549 1796 1582 e.
1831 1549 1878 1597 g.

298 1619 549 1681 Euripidis
583 1618 741 1666 Orest.
776 1633 847 1666 vs.
886 1617 947 1663 63
983 1631 1108 1679 sqq.:

461 1746 522 1802 ἣν
556 1743 653 1808 γάρ
685 1742 976 1797 κατόἴκους
1011 1741 1144 1802 ἔλιφ’
1180 1742 1253 1790 ὅτ’
1289 1743 1343 1797 ἐς
1382 1743 1575 1805 Τροίαν
1604 1744 1760 1804 ἔπλει,

460 1833 719 1892 παρθένον
757 1831 849 1889 ἐμῇ
884 1847 934 1876 τε
967 1830 1117 1891 μητρὶ
1154 1827 1441 1890 παρέδωκεν
1476 1831 1675 1891 τρέφειν

460 1914 724 1969 Μενέλαος
759 1914 969 1978 ἀγαγὼν
1004 1914 1281 1976 ζΕρμιόνην
1315 1913 1554 1976 Σπάρτης·
1587 1913 1711 1974 ἄπο,

459 2002 616 2063 ταύτῃ
651 2003 835 2063 γέγηθε
873 1999 1217 2058 κάπιλήθεται
1253 2003 1441 2045 κακῶν.

362 2129 585 2177 Platonis
622 2131 797 2188 νόμων
830 2129 933 2187 III,
968 2144 1078 2190 pag.
1117 2127 1255 2175 694⁶:
1293 2129 1456 2176 ἔοικεν
1490 2129 1544 2176 ἐκ
1575 2133 1694 2177 νέου
1729 2146 1876 2191 στρα-

295 2217 532 2264 τεύεσθαι
568 2213 657 2261 διοὲ
692 2215 839 2272 βίου,
876 2222 992 2268 ταῖς
1020 2214 1230 2277 γυναιξὶ
1259 2212 1512 2275 παραδοὺς
1539 2216 1655 2268 τοὺς
1682 2212 1877 2270 παῖδας

296 2305 510 2362 τρέφειν.
551 2299 656 2357 VII,
687 2313 796 2360 pag.
835 2298 971 2345 805‘2:
1003 2303 1076 2353 εἷς
1105 2316 1224 2344 τινα
1254 2298 1384 2358 μίαν
1402 2303 1602 2356 οἴκησιν
1620 2303 1872 2362 ξυμφορῆ-

297 2403 505 2443 σαντες,
539 2387 597 2431 τὸ
630 2383 924 2447 λεγόμενον,
960 2385 1130 2430 πάντα
1169 2389 1411 2445 χρήματα
1446 2383 1727 2446 παρέδομεν
1753 2393 1874 2439 ταῖς

297 2474 501 2535 γυναιξὶ
529 2468 884 2528 διαταμιεύειν
912 2486 961 2515 τε
989 2469 1079 2515 καὶ
1108 2466 1351 2530 κερκίδων
1379 2468 1566 2530 ἄρχειν
1594 2470 1686 2516 καὶ
1713 2470 1873 2528 πάσης

295 2556 565 2608 ταλασίας.
607 2554 693 2600 1.1.
730 2567 839 2614 pag.
885 2552 1023 2599 811³:
1057 2581 1098 2587 -
1152 2555 1239 2606 οὓς
1280 2550 1394 2600 δ’ἂν
1427 2559 1495 2614 τῷ
1530 2554 1874 2615 ε’παίνῳουμ·

296 2645 494 2701 ψήφους
531 2641 638 2701 ἔχῃ,
671 2640 870 2691 τούτοις
899 2639 1167 2701 χρώμενον
1196 2637 1314 2692 τοὺς
1344 2641 1491 2692 νέους
1518 2639 1696 2693 αὐτοῖς
1714 2657 1872 2701 παρα·

295 2726 508 2775 διδόναι
542 2723 810 2772 διδάσκειν
845 2742 894 2770 τε
929 2724 1022 2770 καὶ
1055 2721 1323 2771 παιδεύειν.
1355 2722 1425 2769 Cf.
1455 2723 1611 2770 etiam
1639 2724 1737 2783 IX,
1759 2740 1869 2787 pag.

294 2813 423 2871 871e,
468 2810 673 2871 Antiph.
709 2812 770 2855 Γ.
808 2827 856 2856 α.
893 2808 982 2867 ἓὙ.
1018 2808 1195 2869 Lysiae
1232 2807 1324 2854 VII
1359 2806 1466 2866 §34
1500 2809 1552 2855 et
1585 2807 1706 2855 XIII
1745 2809 1867 2868 568.

359 2897 466 2945 Hac
515 2893 900 2957 argumentandi
949 2894 1146 2941 rat-ione
1196 2895 1458 2953 tamquam
1503 2891 1646 2941 firmo
1692 2893 1867 2941 funda-

294 2967 466 3030 mento
522 2979 755 3027 insistens
769 3014 781 3037 ‚
834 2979 957 3039 puto
1009 2978 1172 3025 locum
1222 2976 1457 3024 facillime
1506 2977 1582 3024 ita
1629 2977 1868 3026 constitui
