2014 3412
1044 285 1109 335 40

1297 410 1308 430 ἱ

287 410 503 457 maxime
538 424 712 458 cavere
745 410 888 458 decet
921 412 973 458 et
1005 410 1291 473 providere.'
1359 411 1494 460 Haec
1526 412 1568 459 si
1600 414 1735 461 recte
1770 412 1868 460 dis-

285 496 468 556 putata
495 496 639 553 sunt,
667 494 876 542 fortasse
905 495 1105 543 concedi
1129 495 1253 542 mihi
1269 497 1461 556 potest,
1480 512 1568 558 pro
1585 495 1868 558 εὐσεβοῐντ’

285 578 551 641 legendum
596 593 722 626 esse:
760 578 1039 642 ἁγνεύοιντ’
1075 580 1155 628 vel
1191 580 1419 628 ὁσιοῐντ’.
1458 609 1517 616 —-
1547 580 1781 631 Ceterum
1813 582 1868 630 in

288 662 634 724 sequentibus:
682 664 845 722 πάσης
893 662 1063 727 δ’ῡπὲρ
1108 664 1313 712 πάντων
1347 665 1481 720 cett„
1516 666 1634 727 quia
1667 668 1868 715 nostrae

286 747 606 807 explicationi
639 763 738 795 non
772 748 1006 796 convenit
1033 749 1280 809 particula
1313 746 1374 803 δ’,
1408 763 1508 796 non
1535 749 1710 797 dubito
1727 763 1868 811 repo-

287 845 427 886 nere,
482 845 609 892 quae
657 832 938 894 flagitatur,
989 833 1292 894 particulam
1341 833 1401 880 τ’.
1459 833 1519 879 In
1563 833 1632 880 eis
1665 835 1865 893 autem,

284 929 411 975 quae
454 915 782 963 antecedunt:
831 945 891 951 -
938 918 1056 965 ὅσια
1100 917 1207 964 ἀλλ’
1258 916 1428 965 dvo‘oc'
1480 918 1548 965 ἂν
1593 917 1865 979 πάθοιμεν,

285 999 437 1045 verba
484 997 587 1047 ἀλλ’
632 1000 802 1049 α’νόσί
839 1001 1087 1049 reddenda
1120 1004 1271 1064 puto,
1307 1002 1387 1049 cui
1419 1001 1678 1059 debentur,
1711 1002 1865 1051 inter-

285 1083 514 1143 polatori.

350 1165 395 1213 ὃ.
418 1170 445 1227 ἓ
464 1171 491 1228 ἓ
515 1169 555 1224 l,
572 1169 615 1216 2.
642 1175 820 1217 τοῦτον
836 1168 932 1231 μὲν
951 1169 1085 1225 εἰκὸς
1103 1171 1227 1233 πρὸς
1245 1173 1332 1229 τὴν
1354 1172 1532 1219 ἑαυτοῦ
1550 1171 1866 1234 κατηγορίαν

285 1251 602 1314 προςέχοντα
648 1255 738 1302 τὸν
782 1261 906 1303 νοῦν
950 1257 1019 1317 μὴ
1062 1259 1258 1316 μαθεῖν
1298 1258 1389 1314 τὴν
1424 1255 1705 1320 ἀπολογίαν
1736 1273 1866 1318 μου,

283 1337 423 1398 ὑμᾶς
457 1337 512 1386 δὲ
547 1343 678 1402 χρὴ,
711 1342 1099 1403 γιγνώσκοντας
1133 1341 1212 1388 ὅτι
1241 1343 1386 1400 ἡμεῖς
1412 1339 1510 1402 μὲν
1538 1347 1593 1388 οἱ
1607 1338 1868 1388 ἀντίδικοι

285 1422 397 1469 κατ’
433 1424 635 1472 εὔνοιαν
671 1426 929 1488 κρίνοντες
965 1424 1019 1471 τὸ
1052 1428 1262 1489 πρᾶγμα
1298 1427 1503 1481 εἰκότως
1534 1424 1717 1474 δίκαια
1755 1426 1867 1474 ἑκά-

285 1526 414 1571 τεροι
449 1509 634 1565 αὐτοὺς
663 1510 884 1572 οἰόμεθα
913 1510 1100 1575 λέγειν,
1130 1513 1267 1572 ’ὑμᾶς
1295 1509 1350 1559 δὲ
1381 1511 1532 1566 ὁσίως
1552 1512 1678 1574 ὁρᾶν
1694 1513 1868 1575 προςή-

286 1609 360 1640 κει
388 1594 452 1641 τοὶ
479 1599 802 1657 πραχθέντα·
835 1597 890 1643 ἐκ
908 1602 1008 1644 τῶν
1026 1596 1310 1660 λεγομενων
1329 1597 1428 1661 γάρ
1446 1600 1472 1656 ἡ
1489 1596 1702 1656 ἀλήθεια
1722 1613 1871 1644 σκεπ-

255 1682 375 1750 1τεά
427 1681 598 1729 αὐτῶν
647 1681 803 1730 ἐστίν.
857 1681 955 1745 ἐγὼ
998 1680 1081 1737 δέ,
1128 1681 1180 1730 εἰ
1218 1685 1317 1742 μέν
1363 1701 1414 1729 τι
1456 1679 1638 1742 ψεῦδος
1669 1685 1868 1746 εἴρηκα,

285 1764 514 1828 ὁμολογῶ
550 1767 639 1813 καὶ
674 1773 738 1813 τα
773 1767 946 1829 ὀρθῶς
971 1766 1210 1830 εἰρημένα
1241 1765 1675 1830 προςδιαβάλλειν
1704 1765 1867 1815 ἄδικα

283 1846 435 1896 εἶναι·
480 1850 737 1910 Alteram,
773 1866 926 1912 quam
962 1852 1039 1898 sui
1074 1851 1367 1918 defendendi
1397 1866 1547 1899 causa
1576 1852 1729 1900 habet
1759 1866 1868 1900 ora-

283 1933 474 1980 tionem
490 1970 502 1992 ,
536 1934 610 1980 ita
636 1935 862 1982 instituit
890 1950 1002 1982 reus
1018 1972 1030 1994 ,
1059 1938 1115 1982 ut
1132 1972 1143 1993 ,
1161 1936 1294 1997 quod
1312 1935 1621 1983 adversarius
1639 1935 1867 1983 animum

284 2032 384 2064 non
414 2018 535 2064 satis
564 2020 773 2066 verterit
801 2019 864 2065 ad
894 2034 979 2078 ea,
1009 2034 1137 2080 quae
1166 2019 1271 2080 ipse
1291 2019 1610 2081 protulisset,
1628 2019 1867 2080 quodam-

285 2100 431 2148 modo
479 2116 740 2160 excusans,
788 2102 974 2150 iudices
1021 2103 1151 2164 ipsos
1196 2103 1516 2162 adhortetur,
1562 2104 1622 2151 ut
1655 2104 1760 2151 sine
1793 2103 1870 2150 ira

285 2186 337 2231 et
364 2185 529 2232 studio
561 2201 764 2233 causam
794 2187 1081 2234 diiudicent.
1112 2187 1237 2234 Cum
1265 2188 1367 2234 iam
1394 2190 1587 2235 certum
1615 2190 1667 2236 et
1695 2187 1869 2249 procul

285 2268 388 2315 ullo
434 2269 501 2316 sit
541 2269 714 2323 dubio,
760 2271 917 2318 talem
960 2271 1118 2318 inesse
1163 2271 1338 2318 debere
1379 2271 1569 2329 verbis,
1603 2286 1732 2332 quae
1765 2273 1868 2318 tra-

285 2352 474 2400 duntur
491 2390 503 2412 ‚
548 2355 852 2402 sententiam
869 2392 880 2414 ,
927 2355 1314 2417 haudquaquam
1348 2357 1584 2416 apparet,
1620 2354 1867 2416 quomodo

284 2436 400 2483 inde
445 2437 556 2484 elici
593 2439 766 2500 possit.
818 2439 957 2490 Haec
987 2441 1155 2486 autem
1193 2454 1272 2487 res
1306 2454 1363 2487 eo
1401 2439 1639 2487 difficilior
1673 2438 1866 2497 existit,

284 2521 416 2581 quod
450 2522 577 2569 duae
614 2522 797 2570 adsunt
826 2523 972 2570 unius
1004 2523 1321 2583 eiusdemque
1349 2522 1579 2570 vocabuli
1607 2521 1864 2578 lectiones;

283 2606 487 2651 tantum
516 2608 687 2653 autem
716 2607 950 2665 interest,
981 2607 1154 2653 utrum
1183 2606 1311 2653 hanc
1341 2621 1405 2651 an
1434 2606 1573 2652 illam
1602 2605 1867 2653 lectionem

284 2703 578 2749 sequamur,
637 2693 696 2737 ut
747 2705 804 2738 eo
856 2691 1008 2738 verba
1058 2690 1317 2751 sequentia
1367 2704 1569 2751 prorsus
1621 2689 1866 2736 diversam

284 2773 532 2834 accipiant
563 2775 960 2835 explicationem.
1000 2773 1202 2835 ‘Nempe
1237 2774 1299 2832 ii,
1334 2774 1420 2835 qui
1453 2773 1641 2821 codices
1667 2786 1866 2821 accura-

284 2858 388 2904 tius
422 2858 745 2920 inspexerunt
760 2895 772 2918 ,
806 2859 900 2907 NA
917 2875 990 2921 pr.
1027 2859 1263 2921 praebere
1301 2858 1534 2906 tradunt:
1577 2860 1679 2921 χρὴ
1713 2858 1865 2922 γινώ-

283 2959 532 3000 σκοντας,
561 2943 605 2992 Α
630 2942 775 2993 corr.²¹
794 2946 993 2992 autem:
1015 2945 1115 3006 χρὴ
1136 2945 1420 3008 γινώσκειν.
1440 2942 1675 2999 Quamvis
1694 2943 1867 2991 autem
