2014 3412
1037 296 1096 347 26

264 423 392 473 hanc
454 426 901 488 nterpretationem
947 426 1054 473 viro
1098 425 1383 473 doctissimo
1417 424 1672 488 indignam
1707 440 1842 486 esse,

263 525 410 558 nemo
453 526 554 559 non
599 511 863 572 intellegit.
910 509 993 557 Ita
1026 510 1122 558 viri
1156 509 1314 568 docti,
1349 509 1441 557 hoc
1472 511 1659 572 spret0,
1695 510 1838 559 varia

260 595 362 642 iam
408 597 470 643 ad
515 596 862 643 difficultatem
907 594 1319 642 summovendam
1365 596 1756 656 proposuerunt,
1807 609 1835 644 e

261 681 466 743 quibus,
512 681 644 742 quod
690 680 979 743 Spengelius
1024 680 1148 727 Mus
1197 679 1354 727 Rhen.
1401 679 1545 726 XVII
1578 695 1688 743 pag.
1731 679 1836 728 169.

262 765 493 814 coniecit:
532 767 596 812 τά
630 764 694 813 δέ
724 766 941 814 τέἰκότα
977 766 1039 812 τά
1074 763 1270 820 τ’ἰέλλα,
1306 764 1486 812 idcirco
1513 765 1612 811 iam
1641 763 1838 826 repudi-

261 851 447 898 andum
481 854 630 913 puto,
665 852 796 914 quod
830 853 898 899 sic
932 852 1082 899 nimis
1114 851 1350 913 languida
1384 850 1525 898 fieret
1557 850 1631 898 rei
1659 849 1834 898 oratio.
1907 911 1911 914 .

260 936 603 984 Bohlmannus
648 940 846 996 autem,
893 937 982 998 qui
1031 935 1431 998 „Antiphontea”
1478 950 1588 998 pag.
1639 935 1697 982 12
1731 948 1833 996 seq.

260 1021 495 1068 lacunam
530 1022 851 1069 statuendam
887 1021 1170 1079 existimat,
1197 1036 1350 1082 quam
1370 1021 1535 1082 explet
1552 1019 1835 1068 scribendo:

262 1104 328 1152 τά
368 1104 591 1154 δἐίκότα
635 1107 727 1157 <ού
760 1108 882 1169 πρὸς
915 1107 1137 1159 τούτων)
1172 1105 1296 1153 ἀλλὰ
1330 1106 1451 1169 πρὸς
1486 1106 1609 1166 ἐμοῦ
1642 1104 1840 1166 μᾶλλον

263 1189 622 1239 ἀποδέδεικται
656 1173 809 1248 ὄντα,4
844 1191 1120 1239 orationem
1155 1193 1330 1238 onerat
1364 1191 1707 1238 additamento
1724 1191 1835 1237 tam

262 1276 430 1323 inutili
482 1292 635 1338 quam
687 1277 827 1324 falso.
875 1276 1007 1323 Nam
1054 1277 1335 1338 oppositum
1381 1277 1670 1324 verborum:
1717 1275 1842 1339 πρὸς

265 1361 387 1420 ἐμοῦ
437 1376 538 1408 non
592 1364 692 1409 est:
749 1362 871 1424 πρὸς
922 1362 1135 1419 τούτων,
1183 1361 1268 1408 sed
1313 1361 1504 1422 potius:
1552 1360 1666 1408 κατ’
1703 1361 1851 1422 ἐμοῡ.,

263 1446 420 1508 Magis
466 1446 590 1493 mihi
637 1444 798 1508 placet
847 1446 1051 1508 Sauppii
1084 1446 1240 1504 ratio,
1276 1446 1361 1507 qui
1395 1445 1527 1494 vocis
1561 1445 1684 1493 ἄλλα
1717 1445 1844 1493 nihil

262 1531 357 1577 nisi
392 1533 654 1578 accentum
689 1533 918 1589 mutans,
948 1532 1061 1591 post
1089 1530 1153 1577 τοὶ
1181 1528 1404 1578 δέἰκότα
1433 1530 1662 1592 figuram,
1689 1544 1842 1592 quam

264 1616 582 1678 grammatici
618 1616 793 1663 dicunt
828 1615 1181 1673 ἀποσιώπησιν
1215 1616 1386 1663 adesse
1422 1616 1630 1673 statuit,
1665 1611 1765 1674 ita,
1783 1616 1844 1663 ut

262 1716 401 1759 reus,
448 1700 588 1762 quasi
621 1700 1023 1762 indignabundus
1057 1701 1212 1748 dicat:
1249 1700 1380 1761 quod
1415 1700 1602 1747 attinet
1632 1699 1696 1746 ad
1727 1713 1840 1761 pro-

263 1786 581 1833 babilitatem
629 1813 679 1819 -
734 1785 817 1832 sed
861 1788 1002 1833 taceo
1038 1785 1202 1847 potius
1238 1785 1297 1832 de
1330 1785 1422 1831 hac
1454 1799 1531 1843 re,
1566 1798 1682 1831 nam
1719 1784 1840 1832 satis
1898 1784 1901 1786 ’

263 1885 504 1931 superque
548 1870 649 1916 iam
695 1870 1059 1928 demonstravi,
1106 1870 1234 1916 hanc
1278 1884 1475 1931 quoque
1509 1884 1540 1915 a
1573 1868 1695 1916 meis
1729 1883 1839 1930 par-

261 1955 396 2002 tibus
442 1957 587 2002 stare.
640 1955 883 2002 Attamen
927 1970 990 2002 ne
1037 1955 1160 2001 haec
1209 1954 1410 2015 quidem
1456 1953 1742 2001 coniectura
1775 1953 1838 2000 ab

263 2040 400 2086 omni
443 2042 586 2101 parte
632 2039 889 2086 satisfacit.
933 2039 1062 2085 Nam
1097 2039 1189 2086 hoc
1222 2039 1354 2097 loco,
1390 2039 1474 2085 ubi
1511 2035 1661 2099 priori
1698 2051 1837 2085 accu-

261 2123 440 2171 satoris
487 2124 693 2171 crimine
739 2123 1004 2181 dissoluto,
1041 2124 1258 2170 alterum
1292 2123 1392 2169 iam
1427 2122 1719 2170 diluendum
1753 2137 1840 2185 ag-

261 2208 485 2270 greditur
543 2219 681 2266 reus,
734 2207 931 2266 eodem,
984 2222 1081 2269 quo
1134 2209 1284 2255 antea
1333 2222 1453 2254 usus
1504 2208 1614 2254 erat
1663 2208 1862 2254 tenore*

261 2292 568 2354 pergendum
602 2295 703 2349 est,
738 2291 812 2338 ita
846 2295 905 2339 ut
934 2292 1102 2338 nullus
1121 2291 1250 2338 adsit
1266 2292 1403 2339 locus
1423 2291 1468 2338 ei
1485 2299 1572 2350 τῆς
1591 2290 1836 2348 διανοίας

263 2380 513 2438 σχήματι,
531 2376 663 2437 quod
681 2378 884 2423 tantum
904 2391 964 2424 ex
978 2376 1134 2422 animi
1152 2376 1512 2438 indignabundi
1529 2377 1839 2436 incitatione,

262 2476 389 2523 quae
432 2461 548 2508 hinc
594 2461 758 2507 aliena
802 2463 877 2508 est
892 2497 903 2519 ‚
949 2461 1144 2522 prodire
1187 2462 1365 2522 potest.
1414 2461 1685 2527 Praeterea·
1719 2461 1841 2509 haec

262 2545 546 2593 coniectura
581 2547 748 2591 artum
765 2582 776 2603 ,
811 2560 962 2607 quem
994 2545 1293 2607 requirimus
1328 2559 1568 2592 conexum
1597 2559 1710 2592 cum
1728 2560 1838 2607 pro-

260 2629 392 2676 xime
427 2629 833 2690 praecedentibus
869 2630 1073 2677 dirimit.
1104 2629 1278 2691 Neque
1306 2628 1602 2677 Schoellium
1621 2644 1710 2691 pro
1729 2628 1835 2677 ἀλλ’

257 2713 613 2761 restituentem
632 2713 837 2761 ἅπαντα
856 2713 998 2761 facile
1018 2715 1332 2775 probaverim
1349 2750 1360 2772 ‚
1378 2729 1498 2760 nam
1517 2728 1631 2761 cum
1649 2729 1830 2776 parum

260 2797 609 2859 perspicimus,
655 2798 902 2858 quomodo
945 2799 1065 2846 haec
1111 2798 1351 2846 vocabula
1396 2798 1529 2846 inter
1562 2813 1613 2846 se
1646 2797 1839 2845 mutari

261 2881 545 2944 potuerint,
589 2884 701 2928 tum
745 2897 803 2929 ea
846 2883 1129 2931 coniectura
1162 2898 1263 2931 non
1296 2898 1355 2931 ex
1389 2883 1524 2931 omni
1557 2885 1700 2945 parte
1733 2897 1839 2930 rem

261 2966 443 3028 tangit.
479 2966 604 3021 Quid
638 2967 778 3014 totus
805 2967 940 3015 locus
968 2967 1189 3030 flagitet,
1220 2967 1445 3016 videmus
1475 2983 1534 3016 ex
1550 2967 1672 3030 ipso,
1690 2981 1840 3029 quem
