2014 3412
944 279 1032 360 ²19

137 495 142 503 ι
388 434 477 484 riti
505 434 712 484 modum
742 436 1069 496 antirealem,
1097 437 1351 486 formam
1336 453 1390 485 1n
1408 438 1595 487 talibus
1613 439 1792 488 tritam
1807 477 1818 499 ‚

171 556 216 580 „.„
279 513 282 515 Α
353 521 624 570 aofistam:
657 521 726 570 ἂν
761 523 1048 587 εκηρύχθη,
1085 524 1260 572 tamen
1294 523 1461 583 nulla,
1498 539 1560 572 ne
1595 525 1670 572 ita
1702 525 1818 573 seri-

162 574 470 658 *fitetur
463 620 613 655 eausa
658 607 981 670 prohibente,
1019 608 1249 656 adhibita
1283 610 1361 656 est
1396 607 1713 672 Imperfecti:
1751 610 1819 659 ἂν

116 705 138 716 *
155 688 527 758 &aquomst-o.

86 726 161 834 ‘ss'stjf
205 785 235 809 ψ
281 777 312 839 8
341 776 386 826 3.
421 779 479 826 οἷ
509 796 560 826 τε
591 772 751 836 ἧσσον
783 777 1176 835 κινδυνεύοντες
1210 784 1316 828 τῶν
1352 780 1547 840 μᾶλλον
1583 782 1638 829 ἐν
1667 783 1821 846 φόβῳ

8 874 13 885 ’
206 862 384 918 ὄντων
433 864 528 912 οὐκ
580 861 682 912 οἶδ’
727 865 862 920 ὅπως
909 865 976 914 ἂν
1019 865 1216 928 μᾶλλον
1260 867 1634 927 ἐπεβούλευσαν
1668 869 1820 932 αὐτῷ·

83 939 146 1009 [s
213 942 340 1006 {ws-
383 949 486 1012 μὲν
519 949 620 1015 γάρ
653 951 683 999 ὅ
716 970 770 999 τε
801 951 975 1012 φόβος
1002 953 1030 1010 ἣ
1059 971 1110 1000 τε
1139 951 1321 1000 α’δικία
1354 955 1506 1012 ἱκανὴ
1533 950 1595 1014 ἦν
1626 961 1822 1003 παῦσαι

109 1045 115 1054 ‘
206 1042 312 1098 τῆς
357 1037 682 1102 προμηθίας,
729 1044 843 1094 τοῖς
888 1036 944 1086 δὲ
980 1038 1009 1087 ὅ
1043 1057 1094 1086 τε
1141 1037 1386 1095 κίνδυνος
1436 1042 1464 1098 ἣ
1493 1059 1544 1088 τε
1592 1040 1822 1103 αἰσχύνη

218 1121 410 1185 μείζων
446 1115 578 1173 οὖσα
619 1130 710 1184 τῆς
745 1121 1031 1188 διαφορᾶς,
1068 1125 1120 1173 εἰ
1146 1127 1239 1174 καὶ
1277 1124 1623 1186 διενοήθησαν
1657 1133 1820 1176 ταῦτα

72 1252 86 1287 '⁷
130 1204 152 1222 ⁸
221 1213 441 1275 πρᾶξαι,
493 1208 726 1275 ἀρκὸῡσα
775 1206 836 1271 ἦν
888 1213 1209 1276 σωφρονίσαι
1252 1213 1312 1260 τὸ
1358 1214 1686 1275 θυμούμενον
1735 1221 1823 1273 τῆς

73 1286 82 1303 l

218 1296 445 1362 γνώμης.
508 1294 696 1344 Mirum
753 1297 1055 1346 exercendae
1107 1298 1233 1345 artis
1283 1299 1486 1348 criticae
1537 1299 1824 1362 exemplum

205 1377 506 1430 ’Goelkelius
549 1381 599 1429 h.
627 1381 661 1428 l.
705 1381 947 1430 exhibuit.
996 1382 1171 1432 Libere
1218 1383 1352 1431 enim
1397 1385 1475 1433 vir
1507 1385 1824 1433 doctissimus

207 1465 475 1530 perhibet,
536 1466 681 1530 quasi
746 1467 1089 1530 unusquisque
1147 1483 1474 1517 consensurus
1528 1470 1595 1518 sit
1609 1507 1621 1530 ‚
1672 1470 1827 1519 verba

223 1551 400 1614 φόβος
443 1553 497 1600 et
543 1551 788 1608 κίνδυνος
821 1553 958 1601 inter
991 1568 1043 1602 se
1077 1554 1308 1616 opposita
1344 1569 1474 1613 esse;
1512 1555 1637 1603 item
1672 1555 1825 1603 verbo

222 1634 410 1687 ἀδικία
442 1636 655 1686 indicari
688 1638 956 1698 iniuriam,
992 1654 1147 1701 quam
1178 1646 1235 1688 οἱ
1258 1635 1416 1699 ἧσσον
1444 1639 1827 1697 κινδυνεύοντες

220 1721 408 1772 facturi
453 1722 583 1783 sint,
634 1738 808 1772 vocem
853 1723 1085 1786 αἰσχύνη
1132 1728 1304 1774 autem
1340 1727 1473 1775 idem
1510 1742 1616 1776 esse
1651 1741 1710 1775 ae
1744 1727 1827 1775 αἰ-

223 1810 392 1873 σχύνη
427 1809 510 1858 ε’πι·
543 1815 657 1865 τοῖς
691 1816 1073 1875 γεγενημένοις,
1108 1827 1206 1874 quo
1241 1812 1552 1880 significetur
1585 1812 1824 1872 dedecuS,

225 1887 360 1959 quod
385 1910 473 1944 reo
500 1895 772 1944 adhaereat
802 1897 865 1945 ob
894 1897 1113 1960 perditas
1130 1934 1142 1955 ,
1171 1913 1296 1960 quas
1324 1901 1476 1947 antea
1503 1913 1619 1946 eum
1648 1898 1823 1947 adver-

203 1981 358 2030 'sario
391 1981 575 2045 egisset
590 2018 603 2042 ‚
637 1996 830 2030 causas,
867 1982 976 2031 Hae
1012 1983 1285 2032 disserendi
1310 1984 1507 2032 ratione
1523 2021 1535 2043 ,
1560 1985 1825 2046 tamquam

223 2064 371 2116 firmo
416 2065 747 2115 fundamento
793 2067 1031 2116 insistens
1045 2105 1057 2128 ‚
1104 2068 1182 2117 vir
1225 2068 1400 2117 doetus
1448 2069 1630 2117 eonioit
1645 2106 1657 2128 ,
1705 2071 1825 2118 ante

224 2159 332 2202 voe.
363 2152 594 2218 ἀρκοῦσα
625 2153 943 2202 inserendam
974 2169 1080 2202 esse
1109 2155 1239 2216 part.
1270 2155 1388 2214 ου’κ,
1411 2157 1476 2211 et,
1497 2156 1699 2203 mutato
1718 2169 1826 2203 voe.

225 2235 488 2304 διαφορᾶς
518 2240 572 2288 in
603 2237 869 2299 διανοίας,
899 2239 1077 2288 verba:
1107 2240 1159 2288 εἰ
1182 2240 1276 2288 καὶ
1305 2237 1647 2300 διενοήθησαν
1664 2247 1825 2290 ταῦτα

225 2328 415 2390 πρᾶξαι
456 2328 724 2388 tamquam
769 2324 1017 2388 glossema
1057 2325 1268 2374 delenda
1301 2341 1419 2374 esse.
1467 2326 1571 2390 Ego
1620 2341 1738 2375 vero
1767 2355 1827 2361 —

210 2413 287 2462 'ut
314 2427 418 2461 uno
435 2413 643 2461 tantum
662 2411 815 2460 verbo
834 2411 963 2459 hane
980 2411 1320 2460 coniecturam
1340 2411 1598 2460 dimittam
1615 2449 1627 2471 ,
1648 2441 1709 2447 —
1727 2427 1830 2460 non

227 2510 491 2561 assequor,
526 2496 776 2560 quomodo
813 2495 1100 2544 Goelkelius
1138 2498 1242 2544 tam
1279 2496 1548 2556 audacem,
1575 2497 1716 2545 nullo
1753 2511 1830 2544 ar-

225 2584 468 2647 gumento
487 2582 671 2632 fretam
684 2619 696 2642 ,
715 2581 1003 2644 opinionem
1020 2581 1074 2629 in
1092 2582 1313 2630 medium
1332 2581 1554 2644 proferre
1575 2598 1727 2630 ausus
1745 2583 1827 2630 sit.

291 2669 363 2718 At
405 2668 511 2716 iam
555 2668 844 2726 videamuS,
890 2666 1139 2729 quomodo
1182 2667 1308 2715 satis
1356 2667 1673 2716 commodam
1718 2683 1827 2716 sen-

224 2754 444 2804 tentiam
489 2768 660 2802 eruere
707 2752 970 2816 possimus,
1017 2781 1078 2788 —
1118 2752 1269 2800 Varia
1303 2753 1460 2816 igitur
1475 2791 1486 2813 ‚
1521 2769 1651 2816 quae
1684 2769 1798 2802 reus
1813 2790 1825 2813 ,

225 2841 289 2889 ut
321 2839 545 2888 oriminis
579 2838 955 2898 absolveretur,
989 2838 1042 2885 in
1072 2838 1295 2886 medium
1321 2839 1632 2901 protulerat,
1657 2838 1827 2886 redar-

225 2937 382 2991 guens
396 2962 409 2986 ,
456 2927 628 2974 orator
660 2925 833 2973 nostro
868 2923 978 2972 loco
1011 2923 1063 2970 id
1098 2923 1322 2972 refutare
1356 2923 1527 2972 studet
1562 2938 1827 2986 argumen-

155 3011 158 3014 ’
224 3012 340 3061 tum
356 3047 369 3073 ,
397 3010 532 3075 quod
560 3012 822 3059 aecusatus
852 3009 1114 3072 proposuit
1142 3009 1384 3058 orationis
1413 3024 1533 3058 suae
1563 3008 1682 3070 §55
1710 3011 1763 3058 et
1782 3008 1828 3070 6,
