2014 3412
956 291 1016 338 95

187 416 580 475 ἀποκτείναντες
613 421 731 467 cett.
766 418 909 467 Adde
941 419 1038 466 huc
1067 419 1292 466 nostram
1329 416 1703 479 paragraphum
1732 417 1783 462 et

185 502 338 552 habes
371 506 474 553 tres
507 505 641 553 locos
657 545 668 562 ,
705 505 792 552 ubi
828 519 1012 553 nomen
1042 520 1072 551 a
1100 504 1293 551 tradit-a
1322 502 1550 551 codicum
1566 502 1782 550 lectione

184 590 498 640 sollemniter
529 592 804 654 repetitum
839 607 870 639 a
903 593 1106 639 nostrae
1140 589 1324 638 aetatis
1358 588 1479 638 viris
1514 588 1673 636 doctis
1703 587 1784 634 de-

185 676 333 725 letur.
370 675 480 725 Scio
514 692 692 725 verum
730 691 861 736 esse,
896 675 1028 738 quod
1064 673 1428 723 Herwerdenus
1463 673 1648 720 Mnem.
1694 671 1783 719 IX.

185 776 298 825 pag.
351 761 444 810 203
490 762 551 810 de
597 763 762 824 priore
778 799 790 822 ‚
835 761 969 824 quod
1004 749 1160 809 citavi
1176 798 1187 816 ‚
1225 760 1453 822 exemplo
1488 758 1782 821 protulerit,

185 846 288 895 scil.
325 847 479 910 stipes
513 847 582 896 sit
616 863 815 896 necesse
849 862 980 907 esse,
1015 846 1102 908 qui
1132 846 1193 894 de
1223 845 1351 893 alius
1380 838 1536 907 quam
1556 842 1786 891 Philonei

185 947 358 982 amore
392 933 473 982 hic
506 933 729 996 cogitare
764 933 936 996 possit.
970 931 1065 980 Sed
1094 931 1157 979 ob
1188 930 1284 979 hoc
1311 930 1477 992 ipsum
1508 944 1611 977 non
1641 928 1788 976 facile

183 1019 360 1080 putem
394 1033 702 1081 quemquam
736 1018 788 1065 id
823 1018 1140 1066 adiecturum
1176 1015 1344 1064 fuisse.
1382 1014 1524 1071 Quod
1559 1014 1623 1061 ad
1660 1013 1718 1061 V.
1757 1014 1784 1073 ἓ

182 1101 269 1162 68,
298 1103 538 1162 concedo,
569 1104 788 1152 alterum
812 1119 997 1152 nomen
1030 1102 1309 1163 Ἐφιάλτην
1336 1101 1559 1164 potuisse
1576 1099 1782 1162 quidem

181 1187 440 1237 immerito
487 1188 630 1248 addi,
677 1189 761 1237 sed
807 1189 882 1237 ita
915 1187 1275 1236 tantummodo
1309 1185 1592 1243 immerito,
1629 1186 1690 1231 ut
1723 1183 1781 1230 li-

181 1273 379 1322 brarius
395 1311 408 1334 ,
453 1274 535 1322 cui
578 1274 727 1323 modo
775 1274 962 1337 scripta
1007 1273 1164 1322 etiam
1213 1272 1458 1320 memoria
1492 1269 1782 1328 haererent,

181 1373 271 1422 per
316 1374 560 1408 errorem»
581 1359 926 1422 adscripserit,
963 1358 1195 1421 quamvis
1229 1373 1294 1406 ne
1328 1357 1400 1404 ibi
1434 1355 1637 1418 quidem
1672 1369 1783 1403 con-

181 1444 460 1505 tenderim,
494 1460 679 1494 nomen
714 1446 886 1493 abesse
916 1444 1120 1503 debere,
1149 1458 1264 1491 cum
1295 1442 1474 1491 verba:
1506 1446 1562 1489 οἱ
1577 1439 1780 1502 Ἐφιάλ-

182 1541 276 1590 την
308 1530 703 1588 ἀποκτείναντες
737 1532 792 1579 in
824 1547 981 1579 unam
1014 1529 1157 1592 quasi
1192 1529 1473 1577 coaluerint
1506 1527 1782 1576 notionem.

184 1614 418 1665 Conferas
453 1618 609 1666 etiam
643 1617 702 1666 V.
739 1616 871 1677 §561
910 1615 1074 1675 ἐπειδὴ
1106 1613 1162 1663 δὲ
1200 1614 1504 1680 ἀνεγνώσθη
1542 1614 1600 1662 τὸ
1619 1631 1782 1678 γραμ-
1837 1597 1841 1602 ’

180 1702 456 1765 ματείδιον
501 1704 594 1753 καὶ
627 1705 656 1753 ὁ
687 1706 892 1769 ὕστερος
925 1705 1354 1766 βασανιζόμενος
1388 1703 1449 1750 ου’
1485 1706 1781 1764 συνεφέρετο

181 1794 253 1852 τῷ
283 1789 697 1856 γραμματειδίῳ,
734 1792 903 1841 ου’κέτι
938 1787 1052 1840 οἶόν
1091 1784 1197 1850 τ’ἧν
1241 1789 1509 1851 ἀφανίσαι
1548 1787 1614 1835 τοὲ
1653 1786 1781 1835 οἰνα-

183 1880 504 1942 γνωσθέντα,
543 1877 678 1926 unde
710 1893 895 1926 nomen
931 1883 1000 1940 τῷ
1034 1874 1432 1942 γραμματειδιῳ
1467 1874 1662 1922 abicere
1680 1889 1783 1921 non

183 1962 363 2010 ausim.
401 1962 564 2011 Simili
591 1963 740 2012 modo
777 1978 828 2011 se
863 1963 1019 2011 habet
1054 1962 1137 2011 VI.
1175 1961 1300 2023 544.

249 2046 497 2110 Equidem
540 2049 612 2097 sic
658 2049 826 2112 potius
872 2048 1163 2097 statuerim:
1210 2047 1389 2095 multis
1424 2045 1627 2108 quidem
1660 2042 1782 2091 locis

186 2129 518 2195 Antiphontis
577 2134 829 2183 orationes
880 2134 1182 2197 depravatas
1233 2148 1340 2181 esse
1392 2129 1752 2179 additamentis
1768 2165 1780 2188 ,

184 2231 315 2279 quae
359 2218 463 2268 sive
496 2234 524 2268 e
557 2220 744 2268 vicinia
778 2220 1074 2283 irrepserint·
1091 2257 1102 2279 ,
1137 2219 1243 2267 sive
1278 2235 1308 2266 a
1345 2216 1642 2281 magistellis
1678 2215 1782 2263 sint

183 2303 415 2367 apposita
429 2317 441 2361 ;
488 2304 552 2352 ab
586 2305 664 2353 his
698 2320 816 2354 vero
848 2305 1115 2368 diligenter
1148 2304 1495 2353 discernendas
1531 2317 1637 2351 esse
1673 2315 1756 2349 eas
1773 2337 1785 2359 ‚

184 2403 314 2451 quae
342 2390 599 2440 abundare
627 2391 921 2451 videantur,
943 2391 1268 2454 repetitiones
1284 2427 1296 2450 ‚
1327 2390 1376 2437 in
1398 2390 1579 2452 quibus
1597 2401 1783 2436 nomen

185 2492 323 2527 more
364 2479 594 2538 vetust0‚
639 2477 1009 2540 quodammodo
1044 2476 1357 2525 sollemniter
1391 2475 1665 2537 repetitum
1701 2474 1782 2521 sit.

184 2562 475 2626 Utcumque
519 2566 695 2612 autem
738 2579 817 2612 res
863 2579 915 2612 se
965 2563 1141 2619 habet,
1190 2577 1310 2609 nam
1345 2561 1406 2610 de
1439 2561 1628 2608 talibus
1663 2559 1784 2622 quid

185 2649 397 2711 quisque
430 2649 619 2698 sentiat
655 2664 823 2697 secum
852 2649 957 2711 ipse
988 2650 1217 2710 reputet,
1248 2647 1479 2710 equidem
1497 2662 1599 2695 non
1620 2646 1782 2705 credo,

185 2734 309 2782 satis
353 2748 531 2783 causae
566 2750 695 2794 esse,
731 2736 791 2782 ut
824 2734 1107 2782 Hartmano
1145 2748 1204 2782 ea
1238 2733 1390 2781 verba
1423 2732 1612 2780 delenti
1646 2732 1783 2780 obse-

185 2834 416 2882 quamur.
465 2819 596 2868 Satis
642 2819 799 2882 igitur
845 2819 1031 2878 habeo,
1067 2819 1233 2867 deleto
1268 2818 1482 2866 articulo
1516 2824 1629 2876 τῆς,
1665 2819 1785 2865 ante

183 2906 415 2954 Λυκίνου
465 2905 653 2953 iniuria
703 2905 876 2952 addito
894 2942 905 2964 ,
952 2904 1171 2953 retinere
1216 2904 1442 2953 codicum
1487 2904 1754 2952 lectionem
1773 2941 1784 2963 ,

185 2990 307 3039 dum
353 2991 414 3039 de
440 2991 558 3051 illa,
592 3006 748 3052 quam
786 2992 846 3039 ut
881 2990 984 3038 acri
1020 2990 1289 3052 indagetur
1325 2990 1519 3049 studio,
1557 2989 1784 3052 dignissi-
