2014 3412
972 305 1034 356 73

209 433 270 480 ut
308 430 413 480 'hoc
461 431 570 479 loco
619 430 697 479 in:
753 436 854 480 τῶν
899 431 1000 480 α’πὸ
1045 439 1151 482 τοῦ
1194 434 1395 490 πλοίου,
1443 448 1545 481 non
1590 435 1803 496 amplius

206 514 459 565 indicatur
501 518 671 565 totum
716 532 874 580 genus
918 533 1091 567 eorum
1106 555 1118 578 ,
1164 534 1287 581 quos
1320 519 1583 582 genetivus
1617 520 1690 568 rei
1723 520 1803 568 de-

206 601 400 664 signat,
440 617 543 650 non
587 604 776 651 nautae
819 603 872 650 in
907 603 1224 663 universum,
1260 604 1345 652 sed
1381 603 1427 652 ei
1464 604 1776 653 solummodo
1792 642 1803 664 ,

206 685 295 749 qui
344 686 603 749 pertinent
651 687 715 734 ad
765 702 944 736 navem
961 725 972 746 ‚
1026 688 1086 736 de
1131 704 1232 750 qua
1277 703 1442 736 sermo
1487 690 1590 747 est,
1635 689 1710 736 ita
1743 692 1804 737 ut

206 771 361 820 verba
393 775 499 820 τῶν
535 771 637 820 ἀπὸ
670 778 760 821 τοῦ
796 772 974 822 πλοίου
1008 773 1177 836 potius
1212 774 1444 822 valeant:
1483 788 1654 821 eorum
1670 810 1682 832 ,
1717 775 1803 836 qui

206 856 272 904 ad
305 871 488 906 navem
502 894 514 917 ,
548 857 603 905 in
636 873 789 920 quam
819 858 1286 907 transcenderamus
1302 896 1313 918 ,
1343 858 1690 920 pertinebant,
1708 859 1740 906 i.
1760 874 1801 907 e.

205 943 388 990 nautas
421 956 537 990 cum
568 943 828 991 ministris.
864 971 930 978 —-
964 943 1128 992 Nemo
1163 958 1280 1006 ergo
1314 945 1522 1006 paratus
1551 945 1661 991 erat
1689 958 1802 1005 pro-

203 1026 384 1086 ficisci,
418 1042 581 1090 neque
609 1043 789 1077 eorum
805 1065 817 1088 ,
847 1029 934 1091 qui
962 1043 1146 1078 navem
1171 1029 1598 1076 administrabant
1613 1067 1624 1088 ‚
1641 1043 1804 1091 neque

205 1125 381 1160 eorum
397 1148 409 1171 ,
441 1112 531 1174 qui
565 1113 739 1162 eadem
776 1128 835 1162 ac
867 1113 1088 1162 Herodes
1121 1114 1401 1162 utebantur
1433 1114 1569 1162 navi.
1608 1143 1668 1148 —
1704 1113 1774 1161 At
1789 1150 1800 1172 ‚

204 1196 414 1260 quinam
459 1199 606 1246 erant
651 1198 705 1245 hi
749 1198 928 1247 alteri‘}
974 1198 1156 1247 Nonne
1202 1199 1359 1247 etiam
1405 1199 1477 1258 ei,
1524 1199 1612 1261 qui
1646 1198 1801 1247 verba

204 1281 326 1330 facit
339 1317 354 1342 ,
383 1282 721 1343 συμπλέοντες
751 1284 928 1331 εταηήἳ
959 1283 1292 1332 Proferuntur
1311 1284 1445 1332 enim
1466 1284 1645 1332 verba:
1666 1285 1804 1347 αὐτῷ

203 1370 274 1430 τῷ
320 1365 522 1432 Ἡρῴδῃ
567 1369 714 1416 tanta
764 1383 879 1416 cum
915 1368 995 1427 vi,
1029 1370 1090 1415 ut
1123 1368 1205 1417 vel
1238 1369 1388 1417 inviti
1433 1369 1494 1417 de
1527 1369 1676 1416 unius
1710 1369 1804 1417 He-

202 1451 337 1500 rodis
369 1453 638 1502 comitibus
665 1467 947 1502 sermonem
977 1467 1082 1501 esse
1111 1453 1384 1501 credamus.
1416 1452 1494 1500 Ad
1522 1453 1651 1501 hanc
1677 1453 1801 1500 diffi-

203 1536 452 1586 cultatem
484 1537 649 1586 altera
681 1537 873 1586 accedit
887 1574 898 1596 ,
935 1552 1092 1600 eaque
1120 1538 1220 1586 sita
1248 1539 1301 1585 in
1330 1538 1441 1600 ipsa
1457 1575 1468 1597 ‚
1486 1553 1614 1600 quae
1632 1538 1804 1587 adesse

206 1620 372 1681 debet,
407 1622 734 1685 oppositione.
768 1621 902 1670 Nam
936 1624 1070 1671 recte
1103 1622 1306 1684 quidem
1343 1622 1551 1670 dicitur:
1589 1637 1680 1684 ego
1715 1638 1801 1684 pa-

204 1707 351 1754 ratus
393 1720 533 1755 eram
567 1722 739 1755 meum
775 1707 980 1755 mittere
1014 1707 1343 1769 pedisequum
1360 1745 1371 1767 ‚
1401 1722 1516 1755 cum
1546 1722 1694 1755 nemo
1728 1707 1802 1756 ire

201 1790 356 1841 vellet
398 1796 503 1840 τῶν
538 1791 640 1840 ἀπὸ
673 1798 761 1841 τοῦ
794 1792 966 1840 πλοίου
1000 1791 1033 1840 i.
1052 1806 1094 1840 e.
1130 1806 1415 1850 servorum,
1450 1793 1543 1839 aut
1575 1793 1708 1840 certe
1743 1806 1802 1839 ex

202 1874 378 1927 infima
410 1879 564 1940 gente
596 1877 886 1935 hominum;
922 1879 1001 1936 at,
1036 1878 1306 1939 postquam
1335 1876 1463 1924 dixit
1480 1913 1492 1935 ‚
1519 1891 1611 1924 nec
1630 1891 1802 1938 quem-

201 1974 356 2023 quam
401 1961 476 2010 ire
521 1961 737 2010 voluisse
783 1976 958 2011 eorum
971 1997 984 2020 ,
1031 1961 1119 2023 qui
1163 1963 1423 2023 praeterea
1457 1976 1571 2009 cum
1606 1961 1802 2010 Herode

202 2044 505 2108 navigarent
519 2081 532 2104 ,
581 2046 890 2108 pergendum
936 2047 1069 2094 erat:
1118 2047 1232 2093 tum
1278 2037 1511 2108 equidem
1557 2045 1801 2108 proficisci

201 2130 408 2191 paratus
454 2144 620 2190 eram,
664 2145 766 2178 non
811 2131 1009 2178 autem:
1057 2130 1155 2194 ἐγὼ
1195 2131 1287 2179 τὸν
1324 2131 1618 2180 ἀκόλουθον
1651 2146 1698 2193 q.
1736 2145 1799 2189 S.;

201 2213 403 2276 quando
448 2214 652 2276 quidem
700 2230 802 2263 non
845 2215 978 2264 idem
1014 2216 1175 2264 valet:
1207 2217 1373 2279 ipsum
1407 2217 1480 2265 ire
1514 2219 1567 2265 et
1601 2231 1802 2265 servum

201 2311 351 2347 suum
387 2298 620 2358 mittere,
654 2314 746 2348 nec
779 2299 985 2349 omnino
1019 2301 1212 2349 dictum
1241 2303 1342 2349 est:
1375 2302 1496 2356 τους
1525 2301 1799 2362 συμπλέον-

201 2399 301 2438 τας
345 2397 460 2432 suos
503 2383 728 2446 ipsorum
775 2399 941 2433 servos
987 2385 1128 2433 mitti
1172 2400 1439 2434 recusasse.
1482 2386 1606 2434 Ecce
1620 2423 1632 2445 ,
1666 2386 1801 2434 haud

41 2522 51 2535 ,
126 2452 132 2468 j
202 2481 419 2531 paucae,
479 2482 610 2530 quae
659 2468 880 2517 traditae
930 2469 1138 2517 lectioni
1190 2470 1397 2518 obstant
1446 2470 1767 2518 difficultates
1787 2507 1798 2529 ‚

179 2559 328 2615 'quas
371 2554 545 2601 tamen
590 2567 764 2602 omnes
812 2554 1116 2602 summoveri
1150 2556 1274 2615 puto
1289 2594 1300 2611 ,
1338 2555 1379 2601 si
1414 2555 1649 2617 legimus:
1687 2556 1800 2603 οὔτε

201 2641 308 2687 τῶν
339 2637 512 2686 αὐτοῦ
545 2642 656 2686 τοῦ
691 2635 934 2701 (Ηρῴδου
971 2639 1324 2698 συμπλεόντων
1356 2639 1389 2686 i.
1411 2653 1451 2687 e.
1488 2653 1649 2701 neque
1667 2640 1799 2702 quis-

201 2724 356 2784 quam
388 2721 546 2784 ipsius
579 2722 791 2771 Herodis
823 2738 1083 2771 servorum
1098 2759 1110 2782 ‚
1139 2738 1243 2771 una
1271 2724 1530 2772 nobiscum
1559 2724 1800 2787 navigan-

199 2805 348 2856 tium.
381 2805 468 2854 Sin
496 2808 672 2855 autem
701 2808 814 2869 quis
843 2807 1055 2856 fortasse
1082 2808 1406 2870 participium
1435 2809 1797 2870 συμπλεόντων

199 2889 374 2939 abesse
407 2890 632 2950 mavult,
669 2892 899 2954 equidem
934 2907 1036 2940 non
1073 2891 1218 2940 valde
1253 2892 1558 2956 refragabor.

265 2973 499 3023 Ceterum
514 3011 527 3035 ,
554 2977 786 3038 quamvis
814 2977 969 3025 sciam
984 3012 996 3036 ,
1024 2978 1159 3025 recte
1187 2991 1239 3025 se
1256 2976 1439 3026 habere
1456 2978 1608 3026 verba
1625 2981 1797 3027 καίτοι
