2014 3412
1012 255 1073 302 88

252 378 436 427 πείσειν
470 378 592 427 dab
625 381 876 444 πρώτης
910 379 1334 441 καταψεύδεσθαί
1357 399 1456 442 μου
1491 397 1538 444 q.
1574 397 1628 442 8.,
1662 384 1836 432 tamen

249 463 411 512 facere
445 480 544 513 non
579 481 866 528 possumus,
900 467 1020 528 quin
1051 467 1155 527 §55
1187 468 1277 515 τὸν
1304 467 1579 531 ἄνθρωπον
1603 468 1693 516 τὸν
1721 470 1834 532 πρό·

252 567 394 613 τερον
426 551 831 611 βασανισθέντα
862 551 1138 613 ingenuum
1165 551 1338 610 illum,
1368 552 1454 613 qui
1483 566 1676 614 semper
1691 567 1835 601 reum

251 635 399 697 culpa
441 636 734 684 absolvisset
774 637 1034 697 putemus,
1073 638 1124 683 et
1158 636 1262 694 §56
1298 637 1476 685 verba:
1513 637 1600 684 τὸν
1629 638 1836 701 ὕστερον

249 720 674 782 βασανιζόμενον
720 721 992 769 referamus
1038 721 1101 767 ad
1148 736 1372 780 servum,
1420 722 1506 784 qui
1541 723 1677 770 aliud
1712 723 1835 772 alias

250 805 470 852 dixisset.
507 806 663 854 Valde
696 806 853 868 igitur
888 806 1087 868 gavisus
1122 821 1260 864 sum,
1289 821 1403 853 cum
1431 806 1680 866 viderem,
1709 806 1833 856 Her-

248 889 536 938 werdenum
553 927 564 948 ‚
606 890 773 938 virum
820 890 1152 938 clarissimum
1168 927 1180 950 ‚
1224 891 1407 949 isdem,
1441 891 1623 952 quibus
1657 893 1710 940 et
1742 907 1833 955 ego

247 975 519 1036 gravabar,
566 974 943 1022 difficultatibus
989 976 1231 1023 offensum
1278 975 1358 1036 (cf.
1394 975 1576 1024 Mnem.
1612 976 1698 1024 lX.
1740 976 1831 1028 207

249 1061 370 1120 seq.)
387 1095 398 1117 ,
446 1060 646 1106 textum
692 1059 781 1106 itav
813 1060 1078 1108 restituere
1123 1062 1362 1108 conatum
1397 1075 1527 1119 esse,
1562 1063 1622 1110 ut
1654 1062 1830 1110 verba:

250 1144 277 1191 ὁ
310 1146 544 1207 πρότερος
576 1144 933 1204 βασανισθείς
967 1146 1020 1193 et
1054 1145 1230 1193 deinde
1261 1147 1465 1209 ὕστερος
1499 1147 1640 1194 uncis
1677 1147 1831 1195 seclu-

248 1228 413 1287 deret,
450 1229 739 1291 magistellis
775 1244 834 1276 ea
868 1230 1033 1277 deberi
1067 1231 1220 1277 ratus.
1254 1230 1326 1277 Ut
1344 1233 1516 1279 autem
1534 1231 1638 1292 ipse
1656 1231 1832 1280 deinde

248 1313 613 1361 Herwerdenus
686 1313 872 1361 Mnem.
949 1312 1033 1360 XI.
1105 1329 1217 1376 pag.
1296 1314 1388 1360 214
1450 1315 1635 1363 leviore
1711 1330 1832 1363 usus

249 1398 495 1446 medicina
541 1399 757 1446 alterum
801 1397 949 1456 illud,
995 1398 1127 1459 quod
1173 1400 1323 1446 antea
1358 1399 1627 1447 secluserat
1641 1436 1653 1458 ,
1686 1399 1831 1448 Anti-

246 1483 424 1544 phonti
467 1483 541 1534 ita
584 1482 836 1531 vindicare
881 1482 1103 1542 studuit,
1149 1485 1207 1530 ut
1244 1484 1271 1530 ὁ
1303 1485 1506 1547 ὕστερος
1540 1486 1830 1547 corruptum
1863 1549 1866 1552 ‚

248 1568 433 1615 diceret
479 1582 565 1615 ex:
602 1569 807 1631 ὕστερον
842 1568 895 1626 ὁ,
923 1568 997 1614 ita
1026 1568 1254 1629 equidem
1283 1570 1474 1628 nescio,
1504 1584 1570 1616 an
1586 1569 1716 1618 forte
1732 1570 1831 1632 pri-

248 1667 336 1700 ora
369 1653 543 1700 verba:
583 1654 610 1701 ὁ
644 1655 878 1716 πρότερος
912 1653 1266 1714 βασανισθείς
1300 1654 1572 1715 depravata
1606 1654 1708 1702 sint
1742 1668 1824 1703 ex:

247 1738 340 1802 πρὸ
401 1744 488 1787 τοῦ
531 1740 956 1800 βασανισθῆναι;
1005 1753 1156 1799 quam
1204 1738 1539 1786 coniecturam
1597 1738 1638 1785 si
1683 1738 1830 1786 addes

246 1823 567 1872 Herwerdeni
602 1824 964 1872 emendationi:
998 1825 1206 1887 ὕστερον
1235 1824 1290 1882 ὁ,
1320 1823 1446 1869 nihil
1474 1822 1704 1885 amplius,
1729 1837 1829 1885 quo

249 1909 340 1957 hoc
375 1910 482 1957 loco
519 1910 807 1969 offendariS,
843 1909 1060 1957 habebis,

313 1994 626 2056 Quamquam
678 1995 797 2057 quid
850 1995 990 2042 dico&
1041 1993 1174 2041 Nam
1225 1994 1409 2041 ultima
1459 1993 1592 2054 556:
1644 1992 1694 2042 εἰ
1733 1993 1829 2058 γάρ

244 2081 497 2142 ἡγήσαντο
533 2109 589 2113 —-
629 2080 692 2127 τοὶ
727 2083 782 2128 ἐν
817 2086 882 2143 τῷ
918 2078 1332 2144 γραμματειδιῳ,
1367 2079 1558 2126 nullam
1593 2078 1827 2126 'adferunt

246 2164 349 2212 sive
394 2179 596 2211 causam
642 2165 744 2213 sive
791 2164 1174 2226 explicationem
1210 2179 1408 2222 eorum,
1443 2177 1572 2225 quae
1605 2162 1828 2225 proxime

244 2249 571 2310 praecedunt,
607 2250 732 2298 scil.:
773 2249 938 2308 ἐπειδὴ
973 2248 1028 2297 δὲ
1064 2249 1364 2313 α’νεγνώσθη
1400 2277 1459 2283 -
1497 2248 1560 2295 τοὶ
1594 2247 1824 2312 ἀναγνω-

247 2337 454 2381 σθέντα.
491 2334 649 2390 Quam
681 2350 787 2382 rem
823 2336 864 2382 si
900 2335 1049 2396 paulo
1084 2334 1371 2396 diligentius
1404 2333 1824 2395 perpenderimus,

244 2419 445 2478 statim,
492 2433 590 2480 quo
637 2419 806 2467 ordine
852 2419 1049 2482 singula
1094 2419 1201 2467 cola
1246 2434 1298 2467 se
1333 2419 1553 2480 excipere
1586 2417 1824 2476 debeant,

245 2503 562 2564 reperiemus.
619 2503 753 2551 Dicit
812 2504 945 2551 enim
990 2505 1182 2551 orator:
1230 2517 1343 2550 cum
1390 2516 1559 2550 servus
1602 2501 1824 2549 nondum

243 2588 410 2634 tortus
455 2589 584 2635 esset
629 2603 720 2635 nec
765 2588 1038 2649 quidquam
1084 2588 1135 2634 in
1180 2602 1260 2635 me
1305 2587 1427 2634 mali
1471 2587 1710 2644 ediceret,
1744 2586 1825 2633 ad-

243 2671 449 2720 versarii
494 2672 618 2730 mei,
663 2674 927 2734 putantes,
969 2687 1032 2720 ne
1077 2672 1285 2720 summis
1330 2671 1531 2733 quidem
1560 2670 1824 2718 doloribus

243 2756 498 2803 hominem
533 2756 804 2804 adductum
838 2757 900 2804 iri
934 2759 994 2804 ut
1028 2772 1108 2805 me
1142 2758 1427 2814 accusaret,
1462 2755 1730 2817 epistulam
1763 2754 1821 2801 il-

243 2841 346 2887 lam
391 2841 613 2888 dolosam
659 2843 1071 2903 composuerunt,
1116 2843 1175 2888 ut
1218 2841 1392 2902 utique
1427 2840 1614 2903 aliquid
1648 2840 1822 2888 contra

245 2939 326 2972 me
373 2924 581 2986 proferri
625 2927 816 2986 posset,
852 2925 1274 2988 compositamque
1308 2924 1616 2972 demiserunt
1646 2924 1700 2971 in
1733 2938 1820 2971 na-
