2014 3412
1052 319 1140 365 112

308 444 548 506 protulit,
595 446 654 492 ut
699 444 862 492 deleto
907 443 1119 492 articulo
1166 444 1194 491 ὁ
1240 443 1354 503 (ὅς),
1400 443 1508 504 ipsa
1545 442 1695 491 verba
1727 441 1891 491 ταύτά

308 529 539 593 πράττων
572 544 730 596 quam>
759 529 1009 576 artissime
1039 529 1268 590 iungeret
1298 528 1520 590 proxime
1547 527 1892 590 praegredien-

307 614 468 661 tibus:
506 606 576 661 ὧν
612 613 753 677 κάγὼ
788 611 861 667 εἷς
894 608 936 672 ἦ.

374 699 402 757 ἓ
435 697 512 744 46.
565 699 656 745 καὶ
707 691 847 746 οὗτοι
900 698 1147 760 παρόντες
1199 697 1288 744 καὶ
1338 694 1728 757 ἐπιδημοῦντες,
1779 695 1891 754 ἐξὸν

310 782 488 837 αὐτοῖς
522 781 913 847 ἀπογράφεσθαι
949 783 1041 830 καὶ
1075 784 1260 846 εἴργειν
1296 781 1382 843 ἐμὲ
1418 783 1605 830 τούτων
1640 781 1892 842 ἁπάντων,

310 869 401 915 οὐκ
436 869 605 927 ἠξίουν
642 868 1057 933 ἀπογράφεσθαι.
1097 866 1279 915 Utrum
1315 866 1742 928 transponendum
1771 866 1888 916 erit:

311 952 669 1013 ἐπιδημοῦντες
707 954 795 1001 καί
833 955 1101 1017 παρόντες,
1136 968 1201 999 an
1238 952 1356 1010 hoc,
1391 953 1662 1014 παρόντες,
1697 952 1758 998 ut
1792 949 1891 1012 pri-

311 1038 410 1085 oris
443 1038 953 1099 interpretamentum
988 1037 1254 1085 delendum
1289 1036 1393 1083 est?
1424 1035 1557 1082 Nam
1587 1035 1891 1083 alterutrum

310 1125 370 1170 ut
405 1123 556 1170 vitari
590 1124 772 1185 possit,
808 1138 959 1185 quam
999 1122 1213 1169 maxime
1246 1125 1434 1169 vereor.
1871 1129 1874 1133 ’

376 1206 498 1267 ἓ49.
531 1235 588 1241 ——
613 1209 702 1275 καὶ
733 1206 947 1264 ἐδίδαξα
980 1208 1047 1262 ὡς
1082 1207 1180 1269 χρὴ
1212 1209 1491 1264 ζητοῦντας
1521 1205 1798 1262 ἐπεξελθεῖν
1825 1209 1892 1268 τῷ

311 1292 592 1355 πράγματι.
630 1292 680 1340 Si
718 1292 839 1355 quid
874 1292 1063 1350 sentio,
1097 1306 1185 1353 pro
1219 1291 1412 1338 ultimis
1447 1291 1613 1338 verbis
1643 1296 1711 1354 τῷ
1737 1290 1889 1356 πράγ-

311 1396 440 1438 ματι
491 1378 831 1438 reponendum
882 1377 997 1424 erit:
1054 1377 1111 1424 τὸ
1157 1381 1368 1440 πρᾶγμα
1387 1409 1400 1433 ,
1447 1390 1560 1423 eum
1605 1390 1710 1424 voe.
1763 1376 1891 1432 ἐπεξ-

314 1465 540 1524 ἔρχομαι
588 1478 724 1533 1·θωῖ
768 1478 920 1523 quam
967 1462 1076 1523 quis
1110 1461 1448 1523 persequitur,
1484 1475 1679 1523 semper
1711 1462 1891 1523 quarto

313 1548 407 1595 sibi
457 1562 575 1595 casu
625 1548 848 1595 iunctam
901 1548 1100 1595 habeat.
1154 1547 1213 1594 ef.
1266 1549 1325 1593 A.
1373 1565 1424 1593 α.
1471 1546 1580 1606 §Q
1616 1549 1758 1607 ἡμεῖς
1790 1545 1896 1595 δὀἱ

314 1630 687 1693 ἕπεξερχόμενοι
738 1633 828 1680 τὸν
880 1634 1041 1692 φόνον
1091 1632 1150 1679 οὐ
1196 1632 1285 1679 τὸν
1330 1634 1502 1679 αἴτιον
1544 1630 1757 1692 (ἐφέντες
1802 1632 1893 1680 τὸν

313 1716 554 1766 οἷναιτιον
606 1716 871 1777 διώκομεν.
918 1720 966 1763 Γ
970 1756 978 1764 .
1027 1735 1074 1780 γ.
1123 1716 1228 1777 §62
1277 1715 1403 1764 ἀλλα
1437 1717 1524 1764 καὶ
1558 1720 1714 1777 ἡμᾶς,
1749 1716 1805 1765 οἳ
1834 1718 1892 1766 τὸ
1951 1743 1953 1745 v
2010 1712 2012 1715 ξ

312 1805 490 1852 τούτου
540 1803 750 1864 μίασμα
804 1803 1198 1866 ἐπεξερχόμεθα,
1252 1801 1517 1863 ἀθέμιστα
1564 1803 1654 1850 καὶ
1698 1801 1889 1851 ἀνόσια

313 1888 442 1952 δρᾶν
477 1891 616 1950 φησί.
653 1889 886 1950 Alibique
920 1889 1121 1950 passim.
