2014 3412
0 1807 10 1965 ξ

0 1962 9 2083 ἓ

985 261 1073 311 105

962 411 1090 486 VI.

296 555 388 617 §4-
435 555 688 614 τοσαύτην
733 554 831 620 γάρ
878 553 1108 619 ἀνάγκην
1146 554 1174 601 ὁ
1207 555 1368 615 νόμος
1404 554 1543 616 ἔχει,
1581 555 1707 603 ὥστε
1741 555 1833 602 καὶ

231 641 301 692 ἄν
358 642 487 704 (lege
542 640 644 690 κᾶν
691 657 806 689 cum
853 640 1211 701 Herwerdeno)
1257 658 1340 696 τις
1385 643 1554 705 κτείνῃ
1600 641 1717 689 τινα
1763 633 1834 689 ὧν

232 728 391 784 αὐτὸς
423 735 597 792 κρατεῖ
627 727 717 775 καὶ
751 729 822 790 μὴ
858 728 1003 775 ἔστιν
1039 726 1067 775 ὁ
1102 730 1427 791 τιμωρήσων,
1464 728 1523 775 τὸ
1558 729 1831 789 νομιζόμε-

231 832 326 863 νον
370 814 463 863 καὶ
499 815 559 863 τὸ
595 818 738 862 θεῖον
777 812 962 869 δεδιὼς
997 812 1194 878 ἁγνεύει
1229 832 1278 861 τε
1314 814 1498 862 ἑαυτὸν
1532 814 1622 862 καὶ
1659 813 1834 874 ἀφέξε-

232 920 320 950 ται
361 893 435 950 ὧν
467 903 662 965 εἴρηται
697 901 754 949 ἐν
789 905 856 962 τῷ
891 901 1059 964 νόμῳ,
1097 899 1312 958 ἐλπίζων
1348 901 1508 955 οὑτως
1542 899 1610 947 ἂν
1645 900 1832 963 ἄριστα

231 987 442 1052 πράξειν
485 989 620 1047 (cum
666 986 893 1034 Dobraeo
928 987 1039 1049 lege
1073 988 1302 1050 πρᾶξαι).
1341 986 1498 1034 Valde
1533 1001 1735 1045 vereor,
1771 1001 1835 1034 ne

231 1087 413 1136 parum
465 1074 600 1120 recte
646 1074 767 1134 agat
812 1071 1040 1120 Reiskius
1058 1108 1069 1130 ,
1115 1071 1301 1134 quique
1346 1086 1460 1120 eum
1507 1072 1665 1120 secuti
1716 1074 1836 1119 sunt

232 1158 474 1217 editorae,
519 1157 806 1220 reponendo
851 1157 1085 1205 futurum
1123 1156 1357 1222 ἁγνεύσει
1392 1173 1482 1220 pro
1517 1158 1708 1206 tradito
1746 1157 1835 1223 ἁγ-

232 1244 376 1294 νεύει.
439 1243 679 1300 Quamvis
742 1243 879 1291 enim
941 1243 1094 1290 sciam
1111 1280 1122 1302 ‚
1184 1243 1238 1290 in
1290 1243 1540 1291 codicibus
1595 1258 1837 1305 saepenu-

233 1345 372 1379 mero
409 1331 586 1378 contra
620 1329 748 1377 talia
780 1331 1044 1391 peccatum
1079 1344 1184 1378 esse
1218 1331 1297 1388 et,
1331 1330 1373 1377 si
1402 1345 1501 1392 quo
1531 1330 1630 1377 alio
1662 1332 1836 1379 nostro

231 1417 366 1464 certe
413 1415 521 1464 loco
569 1415 731 1463 futuri
766 1415 982 1463 formam
1019 1417 1128 1463 tam
1164 1415 1310 1464 facile
1344 1416 1397 1462 in
1433 1417 1710 1478 praesentis
1746 1415 1836 1481 ἁγ-

231 1502 361 1551 νεύει
409 1501 548 1549 abire
592 1501 840 1562 potuisse,
887 1502 946 1548 ut
992 1503 1222 1548 nostrum
1272 1516 1431 1563 paene
1478 1502 1639 1564 magis
1682 1517 1837 1564 quam

232 1587 461 1636 codicum
495 1587 589 1645 sit,
624 1586 930 1644 discernere,
967 1587 1086 1632 utra
1119 1585 1173 1632 in
1207 1587 1408 1633 textum
1443 1587 1596 1648 recipi
1630 1587 1836 1646 debeat,

231 1675 407 1721 tamen
450 1672 544 1720 hoc
588 1672 696 1719 Ioco
743 1686 862 1733 prae
906 1671 1082 1719 ceteris
1118 1673 1267 1719 caute
1303 1671 1676 1734 prudenterque
1710 1672 1836 1720 diiu-

231 1757 499 1806 dicandum
547 1771 653 1805 esse
694 1758 833 1818 puto.
871 1756 1057 1804 Adesse
1091 1757 1227 1804 enim
1261 1772 1436 1805 censeo
1472 1759 1750 1819 praesentis
1785 1761 1837 1807 et

230 1842 394 1891 fussuri
413 1879 425 1902 ,
493 1842 757 1904 utriusque
825 1842 1063 1904 empirice
1129 1842 1360 1904 usurpati
1429 1843 1802 1905 copulationem
1823 1884 1836 1902 ,

231 1929 435 1992 qualem
476 1928 634 1977 etiam
679 1928 1006 1990 deprehendis
1053 1928 1404 1977 Demosthenis
1448 1928 1630 1977 XVIII.
1670 1930 1834 1990 §2052

232 2012 470 2079 διαφέρει
514 2012 569 2062 δὲ
618 2014 672 2062 τί
680 2033 705 2073 ;
750 2015 831 2063 ὅτι
881 2014 908 2062 ὁ
955 2013 1052 2074 μὲν
1102 2022 1211 2071 τοῖς
1258 2021 1464 2079 γονεῦσι
1499 2018 1666 2076 μόνον
1701 2035 1836 2080 γεγε·

232 2104 424 2162 νῆσθαι
470 2102 725 2163 νομίζων,
763 2101 854 2149 τὸν
889 2108 977 2161 τῆς
1011 2107 1325 2166 εἱμαρμένης
1357 2103 1447 2151 καὶ
1484 2103 1575 2152 τὸν
1611 2103 1837 2165 αὐτόμα-

231 2205 324 2236 τον
370 2187 608 2237 θάνατον
653 2191 1013 2252 περιμένει,
1058 2189 1086 2237 ὁ
1135 2186 1191 2236 δὲ
1228 2189 1320 2238 καὶ
1354 2195 1412 2251 τῇ
1448 2188 1682 2254 πατρίδι,
1718 2190 1838 2255 ὑπὲρ

232 2278 322 2324 τοῦ
362 2276 434 2336 μὴ
468 2276 658 2333 ταύτην
694 2273 889 2323 ἐπιδεῖν
924 2272 1292 2333 δουλεύουσαν,
1329 2276 1674 2338 ἀποθνῄσκειν
1711 2278 1837 2325 ἐθε-

233 2361 441 2421 λήσει,
487 2361 579 2409 καὶ
625 2361 989 2425 φοβερωτέρας
1036 2364 1356 2426 ἡγήσεται
1402 2362 1496 2418 τας
1533 2363 1709 2427 ὕβρεις
1746 2364 1837 2411 καὶ

233 2448 328 2504 τοὶς
361 2447 608 2508 α’τιμίας,
644 2446 709 2503 ἃς
745 2448 798 2496 ἐν
835 2446 1131 2512 δουλευούσῃ
1165 2455 1222 2510 τῇ
1252 2449 1388 2498 πόλει
1421 2453 1590 2514 φέρειν
1622 2450 1836 2514 ἀνάγκη.

238 2533 384 2594 „At''‚
419 2533 581 2592 dices,
621 2533 771 2596 „quid
806 2534 1045 2596 impedit,
1075 2535 1345 2596 quominus
1375 2536 1676 2584 scribamus:
1707 2555 1838 2600 περι-

232 2618 442 2682 μενεῖῖ”
488 2618 593 2678 En,
638 2619 790 2667 habes
830 2619 1041 2667 eandem
1076 2619 1238 2668 futuri
1272 2622 1324 2668 et
1357 2621 1634 2683 praesentis
1669 2637 1839 2671 conso-

234 2705 503 2755 ciationem
548 2704 768 2767 Euripid.
817 2703 1056 2753 Androm.
1093 2721 1164 2753 vs,
1203 2704 1293 2752 321
1334 2721 1438 2769 sqq.
1475 2707 1571 2768 (ed.
1611 2707 1837 2770 Nauck):

364 2790 557 2840 εὔκλεια
595 2788 641 2839 δ’
678 2788 760 2847 οἷς
793 2790 892 2851 μὲν
928 2788 1030 2838 ἔστ)
1066 2789 1314 2850 ἀληθείας
1349 2791 1475 2851 ἄπο,

363 2875 846 2939 εὐδαιμονίζω·
883 2877 1000 2932 τοὺς
1035 2875 1080 2925 δ’
1117 2876 1220 2926 α’πὸ
1254 2877 1455 2939 ψευδῶν
1490 2879 1635 2941 ἔχειν

363 2964 459 3014 οὐκ
494 2962 754 3021 ἀξιώσω
788 2963 910 3023 πλὴν
943 2964 1066 3013 ὅσον
1101 2962 1271 3013 δοκεῖν
1305 2966 1486 3026 μόνον.
