2014 3412
936 291 998 339 43

169 436 300 484 quae
333 436 450 470 vere
483 423 537 470 et
570 421 705 469 recte
740 435 771 467 a
807 432 888 466 me
922 417 1057 466 dicta
1091 419 1211 465 sunt
1226 454 1238 477 ‚
1273 418 1506 479 suspecta
1538 415 1767 463 reddant.

170 507 309 557 Num
353 510 529 556 autem
564 507 672 556 loco
706 507 783 554 ita
815 506 920 553 iam
956 504 1171 552 satisfiat
1185 541 1197 563 ‚
1233 503 1464 566 equidem
1499 502 1770 550 diiudicare

170 607 273 642 non
308 593 488 641 ausim.

236 680 266 739 ἓ
291 677 356 743 4ι.ἱ
382 687 473 738 τῆς
520 677 574 726 δὲ
623 675 909 741 διαδρομῆς
957 676 1134 731 αἰτίας
1170 676 1358 734 ταύτης
1392 677 1690 739 γενομένης,
1728 673 1779 721 εἰ

169 762 269 826 μὲν
295 764 394 812 ὑπὸ
426 771 514 814 τοῦ
549 763 893 827 παιδοτρίβου
929 763 1244 822 καλούμενος
1280 759 1564 824 διέτρεχεν,
1595 761 1623 808 ὁ
1654 778 1769 807 παι-

173 848 418 914 δοτρίβης
450 850 519 898 ἂν
553 851 649 912 (ὁ)
685 850 994 904 ἀποκτείνας
1029 848 1190 896 αὐτὸν
1225 851 1325 906 εὶή,
1362 848 1414 895 εἰ
1435 845 1569 908 δ’ὑῲ’
1592 847 1772 896 ἑαυτοῦ

171 936 400 991 πεισθεὶς
435 935 681 994 ὑπῆλθεν,
718 936 876 991 αὐτὸς
910 934 998 995 ὑφ’
1037 935 1216 982 ἑαυτοῦ
1252 931 1606 995 διέφθαρται..
1642 931 1774 979 Male

171 1037 254 1070 me
287 1022 441 1070 habet
473 1022 656 1070 horum
690 1022 959 1070 verborum
989 1021 1211 1068 initium.
1242 1019 1430 1067 Parum
1461 1019 1594 1067 enim
1624 1018 1772 1065 intel-

170 1106 396 1170 legitur‚'
425 1122 525 1170 quo
570 1108 680 1156 iure
714 1107 850 1155 adsit
883 1107 1189 1155 vocabulum
1225 1105 1513 1169 διαδρομῆς
1546 1106 1660 1167 post
1694 1104 1773 1152 de-

173 1191 333 1239 cisum
377 1192 506 1240 illud
551 1192 844 1255 optimeque
877 1191 930 1238 in
965 1191 1039 1239 rei
1073 1191 1463 1253 descriptionem
1498 1190 1773 1252 quadrans:

171 1277 480 1327 ὑπελθόντα.
517 1276 614 1324 Vix
642 1276 801 1339 igitur
830 1291 955 1338 opus
975 1275 1072 1323 erit
1090 1275 1377 1334 admonito,
1396 1277 1456 1322 ut
1473 1274 1778 1336 Antiphonti

171 1362 437 1411 reddatur:
475 1370 564 1422 τῆς
599 1361 942 1426 δ’ὐποδρομῆς
970 1362 1153 1417 αἰτίας
1183 1363 1372 1420 ταύτης
1391 1363 1666 1426 γενομένης
1683 1359 1714 1406 i.
1735 1373 1776 1407 e.

173 1448 283 1497 ἐπεὶ
326 1446 383 1496 δὲ
429 1450 555 1508 αὕτη
599 1451 628 1508 ἡ
673 1447 933 1512 ὑποδρομὴ
981 1448 1128 1496 αἰτία
1175 1449 1384 1512 ἐγένετο.
1425 1447 1505 1496 Sic
1538 1447 1642 1494 iam
1675 1459 1778 1493 rec-

172 1534 368 1583 tissime
412 1535 598 1598 excipit
643 1535 947 1583 vocabulum
993 1534 1253 1599 ὑποδρομὴ
1300 1533 1522 1582 eiusdem
1556 1530 1779 1580 notionis

173 1621 386 1670 verbum
409 1620 722 1680 ὑπελθόντα,
739 1635 864 1685 nam·
877 1621 1184 1685 ὑποτρέχειν
1201 1620 1336 1668 idem
1355 1634 1459 1667 esse
1477 1633 1537 1666 ac
1555 1619 1779 1674 ὑπιέναι,

173 1705 256 1755 vel
316 1705 459 1768 pueri
511 1706 692 1754 sciunt.
744 1704 980 1753 Ceterum
1032 1705 1304 1766 unicuique
1356 1703 1503 1752 facile
1554 1701 1752 1765 patebit
1768 1738 1780 1760 ‚

175 1793 427 1840 oratorem
473 1790 703 1839 consulto
750 1805 782 1836 a
827 1790 1026 1854 vulgari
1060 1790 1329 1839 verborum
1365 1788 1561 1837 ordine:
1600 1788 1782 1842 αἰτίας

176 1875 231 1925 δὲ
263 1878 537 1940 γενομένης
571 1883 660 1935 τῆς
692 1873 982 1939 ὑποδρομῆς
1015 1877 1203 1934 ταύτης
1221 1875 1488 1923 decessisse
1506 1882 1558 1922 et
1576 1873 1781 1935 quidem

175 1962 384 2022 idcirco,
427 1961 562 2024 quod
607 1975 714 2010 voc.
760 1959 1052 2024 ὑποδρομῆς
1097 1961 1160 2009 ob
1197 1975 1436 2023 magnam
1452 1996 1464 2018 ,
1499 1973 1653 2021 quam
1688 1957 1782 2005 sibi

177 2047 415 2096 conciliat
449 2047 554 2095 vim
570 2083 582 2106 ,
618 2061 733 2094 cum
769 2046 996 2108 emphasi
1024 2046 1078 2093 in
1107 2045 1255 2093 initio
1288 2044 1637 2093 collocandum
1656 2045 1781 2091 erat.

244 2133 272 2192 ἓ
301 2131 344 2180 9.
393 2132 612 2193 ἔχοντός
659 2147 714 2196 γε
759 2129 820 2190 δὴ
866 2133 957 2190 τὴν
1000 2129 1150 2189 δίκην
1184 2137 1273 2179 τοῦ
1309 2134 1528 2191 φονέως,
1563 2130 1655 2177 οὐκ
1692 2129 1783 2177 εὀὶν

179 2216 452 2277 ἀπολύσητε
498 2220 651 2278 ἡμᾶς,
700 2215 804 2264 ἀλλ’
856 2216 948 2265 §dv
983 2216 1338 2278 καταλάβητε,
1375 2216 1630 2276 ἐνθύμιον
1664 2214 1783 2262 ὑπο-

179 2301 433 2365 himo-09⁶.
469 2304 498 2352 ὁ
530 2306 631 2366 μὲν
665 2303 764 2368 γάρ
794 2303 951 2359 αὐτὸς
981 2303 1077 2359 τάς
1106 2303 1289 2351 ἑαυτοῦ
1321 2301 1588 2365 ἁμαρτίας
1618 2304 1784 2364 φέρων

179 2388 350 2439 οὐδενὶ
395 2388 547 2439 οὐδὲν
591 2392 969 2454 προςτρόπαιον
1012 2388 1326 2448 καταλειψει”
1381 2389 1408 2436 ὁ
1454 2386 1509 2436 δὲ
1545 2387 1785 2450 καθαρὸς

182 2484 272 2536 τῆς
322 2475 501 2532 αἰτιας
551 2474 636 2525 ὅδε
678 2466 779 2523 e'dv‘
816 2474 1116 2538 διαφθαρῇ,
1165 2483 1275 2530 τοῖς
1311 2473 1786 2535 καταλαμβάνουσι

181 2565 364 2625 μεῖζον
404 2562 465 2610 τὸ
509 2562 764 2622 ἐνθύμιον
814 2566 1091 2626 γενήσεται.
1139 2560 1336 2609 Horum
1373 2559 1643 2608 verborum
1677 2574 1784 2607 sen-

182 2648 349 2697 tentia
392 2647 515 2695 haec
555 2647 659 2695 fere
693 2649 790 2695 est:
831 2647 1071 2708 quoniam
1106 2647 1407 2694 interemtor
1440 2659 1626 2707 poenas
1661 2644 1761 2691 luit
1775 2679 1787 2702 ,

183 2749 286 2782 non
331 2732 634 2781 absolvendo
678 2732 765 2780 sed
813 2732 1193 2780 condemnando
1230 2746 1311 2779 me
1345 2731 1606 2793 piaculum
1642 2730 1788 2778 relin-

183 2819 365 2882 quetis.
418 2817 554 2866 Nam
604 2818 688 2866 ille
706 2854 717 2876 ‚
769 2818 855 2879 qui
901 2833 1018 2865 suas
1062 2817 1167 2879 ipse
1214 2816 1314 2866 fert
1361 2816 1533 2878 culpas
1549 2852 1560 2874 ‚
1597 2814 1790 2862 nemini

184 2904 440 2968 piaculum
485 2903 763 2965 relinquet,
799 2903 879 2950 hio
914 2904 1087 2951 autem
1121 2902 1317 2961 insons,
1353 2902 1396 2949 si
1434 2899 1790 2958 damnabitur,

184 2989 327 3039 vobis
370 2989 517 3052 ipsiS,
565 2988 653 3050 qui
700 2988 1154 3037 condemnaveritis
1170 3024 1182 3047 ,
1229 2987 1427 3050 piaculo
1471 2986 1569 3035 erit
1603 2985 1783 3047 sempi-
