2014 3412
1007 302 1094 361 ‘vs

276 435 480 483 dixisset
514 435 576 482 ad
609 436 820 494 crimen,
854 435 986 497 quod
1022 450 1198 497 corpus
1227 436 1414 484 mortui
1431 435 1484 482 in
1502 450 1639 484 mare
1655 436 1868 485 deiecis-·

275 521 374 578 set,
420 519 839 585 redarguendum,
885 522 938 567 et
981 522 1095 581 post
1130 519 1264 580 530,
1299 520 1410 581 qui,
1444 520 1576 581 quod
1609 521 1670 568 de
1701 521 1857 570 homi·

275 619 398 650 num
441 606 640 651 tortura
686 604 938 665 prolatum
974 606 1127 663 esset,
1163 619 1279 652 vere
1313 604 1504 652 dictum
1539 619 1666 663 esse,
1701 605 1856 653 decla-

275 689 402 734 rent.
423 687 557 735 Haec
575 689 746 734 autem
764 687 894 735 ratio
912 689 1065 735 testes
1083 688 1350 749 praebendi
1369 688 1431 734 ad
1448 688 1855 736 demonstrandas

275 771 494 832 singulas
540 786 642 829 reS,
690 786 869 832 easque
918 773 1078 830 totas,
1124 787 1213 819 nos
1249 787 1448 833 prorsus
1481 772 1666 820 deserit
1699 771 1750 818 in
1786 785 1856 820 se-

276 855 559 916 quentibus.
588 854 721 902 Nam
751 857 1016 917 postquam
1042 859 1196 904 testes
1212 893 1223 914 ,
1252 856 1338 918 qui
1360 858 1474 917 post
1492 858 1519 915 g
1538 856 1596 902 35
1617 855 1854 914 citantur,

274 939 584 997 indicarunt,
639 955 816 987 verum
861 954 988 998 esse,
1031 940 1164 1000 quod
1210 942 1378 987 orator
1424 940 1753 1001 praedicasset
1795 939 1857 987 de

275 1023 459 1084 duplici
504 1024 633 1071 servi
681 1024 804 1071 torti
849 1024 1140 1071 testimonio
1157 1060 1168 1082 ,
1213 1024 1475 1085 ipsumque
1509 1038 1706 1072 servum
1744 1024 1856 1085 post

276 1109 517 1166 alterum,
553 1108 686 1169 quod
721 1107 980 1166 edidisset,
1015 1108 1364 1155 testimonium
1399 1123 1429 1154 a
1458 1107 1559 1154 suis
1586 1107 1742 1169 ipsius
1772 1106 1856 1155 do-

275 1192 423 1238 minis
467 1192 796 1239 interemtum
841 1206 943 1239 esse
961 1227 972 1249 ,
1018 1194 1188 1239 orator
1222 1207 1323 1239 non
1356 1193 1541 1239 transit
1574 1191 1637 1238 ad
1671 1205 1855 1239 novam

277 1290 501 1334 causam,
548 1275 631 1323 sed
647 1312 658 1333 ‚
700 1275 785 1323 diu
819 1277 1050 1323 versatus
1084 1275 1136 1321 in
1172 1275 1261 1322 illa
1294 1276 1559 1323 tractanda
1593 1277 1646 1323 et
1681 1275 1856 1337 ampli-

276 1360 492 1418 ficanda,
538 1360 701 1421 pergit
747 1359 948 1407 demum
983 1358 1117 1419 §512
1153 1360 1227 1406 ita
1263 1362 1319 1407 ut
1351 1360 1591 1418 testibus,
1626 1360 1713 1422 qui
1744 1361 1857 1422 post

277 1446 305 1503 g
324 1442 383 1490 56
412 1444 646 1501 aderant,
681 1443 1031 1508 testimonium
1065 1444 1326 1491 dicendum
1360 1443 1513 1492 fuerit
1547 1445 1599 1492 et
1626 1443 1687 1491 de
1713 1458 1854 1492 servo

275 1528 362 1575 illo
407 1530 542 1575 torto
588 1529 640 1574 et
673 1527 733 1574 de
766 1527 961 1585 libello,
996 1542 1145 1589 quem
1178 1528 1449 1576 adversarii
1483 1543 1513 1574 a
1546 1542 1630 1575 reo
1665 1527 1728 1575 ad
1760 1527 1863 1590 Ly*

278 1613 446 1659 cinum
492 1611 700 1658 missum
744 1626 847 1659 esse
891 1611 1316 1659 adseveraverant.
1365 1611 1554 1671 Sentis,
1600 1611 1771 1660 adesse
1802 1611 1855 1658 in

277 1696 468 1743 tradita
508 1696 744 1754 lectione,
790 1695 922 1756 quod
967 1696 1249 1757 displiceat,
1297 1697 1527 1758 quodque
1561 1695 1855 1743 adiunctum

277 1781 451 1839 alteri,
481 1796 633 1842 quam
657 1780 831 1842 attigi,
855 1780 1163 1840 difficultati,
1184 1781 1452 1829 verisimile
1470 1781 1660 1840 reddat,
1677 1781 1852 1828 verba:

277 1867 465 1914 τούτων
511 1863 565 1911 δὲ
608 1864 870 1926 μάρτυράς
914 1882 1006 1924 μοι
1052 1864 1187 1911 κάλει
1235 1880 1335 1913 non
1371 1879 1459 1912 suo
1492 1865 1600 1912 loco
1634 1865 1747 1927 legi.
1782 1864 1855 1912 Ut

276 1949 439 1997 brevis
484 1949 577 1996 sim
593 1985 605 2007 ,
649 1950 782 1996 recte
827 1963 972 2009 agere
1018 1949 1141 1995 mihi
1188 1949 1357 1996 videor
1402 1948 1660 1996 inserendo
1705 1947 1855 1996 verba

276 2034 495 2094 undique
538 2032 736 2093 repulsa
781 2034 892 2093 post
936 2032 1066 2091 §bh
1104 2032 1172 2080 sic
1205 2033 1255 2079 id
1270 2069 1281 2091 ‚
1317 2033 1447 2093 quod
1481 2031 1587 2092 §34
1620 2032 1716 2080 dici
1749 2047 1854 2080 coe-

275 2119 420 2179 perat
434 2153 445 2175 ,
495 2131 595 2164 non
646 2116 859 2177 amplius
908 2116 1234 2175 lacerabitur,
1285 2118 1336 2164 et
1387 2116 1563 2164 melius
1611 2116 1716 2178 ipse
1762 2115 1855 2164 sibi

277 2201 528 2248 constabit
560 2199 820 2260 Antiphon
853 2200 905 2246 in
940 2200 1154 2247 testibus
1183 2200 1490 2262 praebendis.
1521 2199 1673 2247 Recte
1701 2213 1854 2247 nunc-

275 2285 378 2331 iam
425 2283 528 2343 §52
580 2283 740 2330 oratio
783 2283 1070 2330 instituitur
1114 2299 1144 2329 a
1179 2284 1365 2331 verbis:
1412 2286 1440 2342 ἡ
1487 2283 1583 2343 μὲν
1617 2283 1856 2344 βάσανος

278 2361 317 2416 ὧ
351 2366 534 2430 ἄνδρες
569 2369 774 2424 τοιαύτη
810 2370 1071 2430 γεγένηται
1105 2383 1149 2428 q.
1170 2382 1224 2425 s.,
1260 2383 1290 2413 a
1318 2367 1495 2428 quibus
1523 2382 1610 2428 per
1637 2368 1853 2428 particu-

276 2454 380 2501 lam
415 2452 477 2500 δέ
503 2453 556 2499 in
594 2452 701 2511 §53
739 2452 801 2498 ad
835 2467 1024 2500 novum
1054 2452 1240 2499 crimen
1267 2452 1325 2498 fit
1353 2452 1622 2510 transitus,
1639 2465 1854 2512 quocum

278 2538 339 2585 cf.
385 2537 517 2596 §212
554 2540 581 2595 ἡ
615 2536 715 2597 μὲν
749 2537 1007 2598 πρόφασις
1044 2536 1260 2598 ἑκατέρῳ
1293 2540 1379 2583 τοῦ
1416 2535 1537 2583 πλοῦ
1569 2537 1716 2593 αὕτη·
1755 2536 1854 2585 ἐτύ-

275 2639 443 2683 χομεν
477 2621 538 2669 δέ
567 2624 686 2669 cett.

342 2707 463 2766 536.
501 2707 657 2767 ἐχρῆν
687 2703 784 2765 μὲν
819 2704 916 2769 γάρ
951 2706 1164 2763 αὐτούς,
1201 2706 1270 2760 ὡς
1305 2705 1402 2769 ἐγὼ
1433 2707 1640 2764 νομίζω,
1673 2705 1854 2753 ἐνθάδε

277 2794 604 2854 παρέχοντας
648 2791 738 2838 τὸν
783 2792 1007 2850 μηνυτὴν
1055 2791 1212 2838 αὐτὸν
1256 2789 1558 2853 ἀπελέγχειν
1604 2790 1718 2849 ἐμέ,
1764 2791 1855 2837 καὶ

278 2877 413 2938 αὐτῷ
450 2878 602 2938 τούτῳ
636 2880 868 2936 χρῆσθαι
903 2868 1254 2938 ἀγωνίσματι.
1292 2876 1495 2937 ἐμφανῆ
1525 2877 1854 2937 παρέχοντας

278 2962 367 3008 τὸν
416 2961 583 3024 ἄνδρα
632 2961 725 3008 καὶ
771 2961 1063 3015 κελεύοντας
1097 2961 1434 3021 βασανίζειν,
1472 2959 1599 3007 ἄλλα
1630 2962 1700 3020 μὴ
1732 2960 1852 3008 ἀπο-
