2014 3412
6 1815 8 1818 v
0 1491 27 1771 «μιμΜῖττ-ῖεῑεε,
13 1421 18 1431 ,

983 301 1039 352 ’71

213 430 319 488 est,
363 429 497 491 quod
541 429 605 476 ab
648 428 742 477 hoc
785 429 894 476 loco
941 428 1112 475 abesse
1154 426 1508 475 molestissime
1541 426 1668 485 fero,
1705 428 1806 475 scil.

212 514 291 574 id,
336 514 390 562 in
424 529 524 576 quo
558 516 671 563 tota
705 516 937 563 versatur
971 512 1247 561 accusatio:
1284 526 1464 573 nempe
1500 512 1563 558 ab
1600 527 1657 559 eo
1674 549 1685 570 ,
1723 513 1810 574 qui

213 599 367 649 verba
400 599 549 659 facit,
585 599 752 648 virum
787 601 1025 647 necatum
1059 598 1170 645 dici.
1210 597 1265 644 Id
1302 596 1436 658 quod
1471 596 1702 644 additum
1733 597 1807 644 in-

211 684 445 733 venimus
487 684 595 733 loco
641 684 789 733 modo
834 683 1041 731 laudato
1089 682 1250 744 §202
1277 682 1338 730 ὃν
1374 699 1536 742 φασιν
1569 681 1651 732 ὑπ’
1690 683 1811 743 tytoi-

211 769 497 818 ἀποθανεῖν
542 772 595 818 et
641 771 669 830 ἓ
699 769 784 816 54;
832 773 859 828 ή
899 767 999 830 μὲν
1032 768 1274 831 βάσανος
1308 760 1347 814 ὧ
1381 766 1564 831 ἄνδρες
1599 771 1811 827 τοιαύτη

211 860 513 922 γεγένηται,
558 851 586 918 ᾗ
630 848 771 904 οὗτοι
813 857 1129 911 πιστεύοντες
1173 848 1226 904 εὖ
1269 853 1467 903 εἰδέναι
1513 855 1679 915 φασὶν
1722 855 1807 903 ὑπ’

213 944 339 1007 ἐμοῦ
369 942 711 991 ἀποθανόντα
741 942 831 990 τὸν
860 941 1046 1004 ἄνδρα.
1077 941 1280 988 Talibus
1310 941 1498 999 fretus,
1527 955 1628 987 non
1658 940 1809 987 nimis

211 1027 453 1077 audacter
486 1043 568 1075 me
602 1042 749 1090 agere
782 1029 907 1090 puto
936 1042 1051 1075 cum
1081 1026 1293 1075 conicio:
1327 1026 1490 1087 φασὶν
1519 1025 1807 1073 ἀποθανεῖν

211 1114 304 1163 ὑπ’
345 1114 500 1176 ἐμοῦ
534 1114 624 1163 τὸν
659 1112 908 1178 Ἡρῴδην.

278 1203 307 1263 ἓ
328 1201 403 1248 22.
439 1200 544 1248 οὔτ’
581 1194 649 1249 αὖ
684 1198 852 1259 ἐπειδὴ
888 1199 1256 1264 ὡρμισάμεθα,
1293 1201 1320 1258 ἡ
1354 1201 1677 1263 μετέκβασις
1707 1200 1810 1265 ἐγέ-

212 1303 324 1335 νετο
350 1285 425 1342 εἰς
453 1286 511 1334 τὸ
537 1288 705 1350 ἕτερον
735 1287 913 1334 πλοῖον
939 1284 1111 1335 οὐδενὶ
1136 1290 1484 1348 μηχανήματι
1503 1285 1610 1335 οὐδ’
1631 1285 1811 1350 ἀπάτῃ,

210 1371 316 1421 ἀλλ’
360 1371 564 1437 ἀνάγκῃ
608 1373 701 1420 καὶ
747 1378 893 1421 τοῦτο
938 1373 1180 1437 ἐγίγνετο.
1218 1375 1274 1421 ἐν
1310 1366 1362 1436 ᾧ
1383 1371 1483 1434 μὲν
1517 1373 1615 1437 γαρ
1650 1373 1811 1420 ἐπλέο-

209 1454 333 1519 μεν,
384 1458 711 1522 οἷστέγαστον
763 1454 822 1518 ἦν
871 1457 928 1505 τὸ
972 1458 1174 1518 πλοῖον,
1221 1458 1295 1513 εἰς
1343 1459 1371 1506 ὃ
1401 1456 1457 1506 δὲ
1492 1460 1811 1521 μετέβημεν,

215 1545 606 1609 ἐστεγασμένον·
644 1550 732 1593 τοῦ
767 1541 823 1592 δὲ
856 1544 997 1593 ὑετοῦ
1034 1547 1180 1593 ἕνεκα
1216 1543 1357 1593 ταῦτ’
1387 1540 1463 1604 ἦν.
1499 1544 1680 1593 Orator
1707 1560 1812 1593 sese

215 1630 339 1679 dicit
380 1645 483 1678 non
529 1629 636 1678 sine
680 1630 815 1677 iusta
849 1644 999 1677 causa
1034 1629 1118 1677 sed
1155 1629 1458 1677 necessitate
1492 1631 1723 1677 coactum
1759 1632 1812 1678 et

214 1715 595 1778 navigationem
630 1714 902 1776 suscepisse
940 1716 1018 1773 et,
1055 1730 1171 1762 cum
1206 1715 1258 1761 in
1289 1715 1418 1760 mari
1444 1716 1601 1773 esset,
1629 1730 1811 1763 navem

216 1800 281 1848 ad
312 1800 480 1848 locum
508 1799 760 1862 quendam
789 1800 1069 1861 appulisse;
1103 1800 1235 1861 ipsas
1264 1801 1437 1847 autem
1467 1814 1641 1847 causas
1657 1836 1668 1858 ,
1687 1815 1816 1861 quae

215 1899 350 1942 sese,
386 1887 447 1932 ut
479 1884 555 1932 ita
587 1884 802 1943 faceret,
832 1885 1111 1947 coegerint,
1141 1885 1336 1933 adferre
1364 1885 1662 1946 supersedit,
1680 1885 1813 1946 quod

216 1985 302 2019 eas
329 1970 383 2017 in
417 1969 830 2018 antecedentibus
864 1971 967 2016 iam
1002 1970 1127 2018 satis
1162 1985 1410 2033 superque
1431 1986 1816 2019 commemoras-

217 2057 324 2115 set,
356 2054 461 2103 scil.
498 2056 526 2114 ἓ
546 2054 631 2102 2οῑ
670 2055 909 2117 ἐπλέομεν
944 2053 1000 2103 δὲ
1035 2055 1110 2111 εἰς
1145 2057 1232 2114 τὴν
1267 2053 1461 2116 Αἶνον,
1492 2057 1592 2120 ἐγὼ
1619 2056 1718 2118 μὲν
1747 2058 1816 2114 ὡς

217 2142 310 2191 τὸν
358 2144 554 2205 πατέρα
608 2171 668 2176 -—
721 2142 972 2206 ἐτύγχανε
1015 2142 1113 2207 γάρ
1161 2145 1269 2191 ἐκεῖ
1309 2143 1380 2191 ὢν
1429 2145 1541 2192 τότε
1576 2171 1667 2200 —-,
1706 2145 1733 2192 ὁ
1767 2143 1815 2193 δ”

215 2226 448 2292 Ἡρῴδης
501 2225 806 2291 ἀνδράποδα
857 2228 1052 2293 Θρᾳξὶν
1098 2227 1396 2293 ἀνθρώποις
1441 2228 1702 2278 ἀπολύσων
1764 2233 1817 2279 et

218 2316 247 2375 g
284 2314 368 2361 21:
424 2314 675 2376 ἐτύχομεν
728 2312 781 2361 δὲ
830 2316 1064 2376 χειμῶνί
1096 2333 1209 2364 τινι
1255 2316 1600 2380 χρησάμενοι,
1636 2318 1722 2378 ’ὑφ’
1758 2310 1816 2365 οὗ

217 2399 623 2464 ἠναγκάσθημεν
660 2407 953 2462 κατασχεῖν
987 2401 1062 2456 εἰς
1098 2408 1186 2461 τῆς
1223 2402 1591 2463 Ινὶηθυμναιας
1627 2422 1679 2449 τι
1714 2422 1815 2465 χω-

218 2488 334 2550 ρίον
377 2501 425 2548 q.
462 2501 499 2533 s.
548 2484 674 2533 Cum
713 2487 885 2533 autem
921 2485 1099 2533 deinde
1135 2485 1301 2533 addit:
1339 2501 1444 2534 sese
1481 2490 1533 2535 et
1567 2488 1817 2536 Herodem

216 2585 376 2629 nova,
421 2585 551 2632 quae
595 2573 708 2618 orta
743 2572 875 2618 esset
907 2570 1224 2629 necessitate,
1263 2573 1461 2618 coactos
1496 2586 1626 2631 esse,
1662 2574 1723 2619 ut
1758 2587 1818 2620 ex

218 2669 375 2714 nave,
411 2670 512 2716 qua
546 2669 765 2716 eousque
800 2655 877 2701 usi
921 2657 1101 2713 essent,
1132 2655 1184 2701 in
1203 2655 1355 2702 aliam
1375 2657 1817 2717 transcenderent,

218 2754 424 2802 parum,
468 2741 529 2787 ut
575 2740 778 2801 opinor,
825 2754 876 2787 se
911 2739 1005 2787 hoc
1040 2741 1239 2787 coactos
1275 2755 1405 2799 esse,
1441 2742 1583 2789 nobis
1618 2758 1818 2804 persua-

218 2823 330 2883 det,
366 2839 482 2872 cum
517 2824 684 2872 docet:
726 2825 781 2873 ἐν
815 2818 854 2887 ᾧ
888 2814 987 2884 μὲν
1022 2824 1120 2888 γάρ
1158 2826 1398 2887 ἐπλέομεν
1433 2828 1550 2873 cett.
1598 2827 1818 2874 Curnam

217 2908 280 2956 iis
325 2923 449 2971 opus
493 2911 604 2956 erat
643 2910 762 2958 navi
797 2909 1088 2957 constrata?
1125 2909 1241 2970 Ipsa
1274 2910 1422 2957 huius
1457 2911 1528 2958 rei
1564 2925 1741 2969 causa,
1777 2911 1818 2958 si

219 2993 340 3054 quid
373 2992 537 3041 sentio
553 3030 564 3052 ,
599 2995 720 3041 ante
757 2994 927 3041 omnia
962 2993 1258 3056 proferenda
1294 2997 1416 3042 erat.
1452 2994 1564 3042 Huc
1598 2995 1791 3043 accedit
1806 3034 1816 3054 ,
