2014 3412
1043 304 1046 308 ⁴
1100 308 1189 356 118

1096 440 1199 482 XII.

359 539 499 582 Tacit.
532 551 637 582 ann.
671 539 705 581 I.
738 540 809 581 41.
842 541 939 590 (sub
971 539 1149 590 finem):

536 619 675 661 Orant
726 619 974 673 obsistunt,
1034 620 1196 662 rediret
1243 623 1467 670 maneret,
1517 634 1620 675 pars
1666 622 1937 679 Agrippinae

597 701 905 751 occursantes,
940 697 1120 752 plurimi
1154 700 1207 742 ad
1242 700 1559 744 Germanicum
1591 703 1792 754 regressi.

414 777 550 830 Lege:
584 780 713 820 orant
743 778 976 821 insistunt.

661 978 666 983 .
1086 924 1210 967 XIII.

355 981 493 1024 Tacit.
526 981 672 1024 Germ.
710 983 765 1025 V.
780 995 790 1025 ε

534 1063 688 1116 Terra,
721 1063 808 1105 etsi
837 1064 1064 1117 aliquanto
1092 1066 1235 1118 specie
1260 1065 1408 1109 differt
1435 1066 1482 1108 in
1503 1066 1768 1111 universum
1782 1070 1934 1114 tamen

595 1147 676 1185 aut
708 1144 832 1186 silvis
865 1145 1041 1187 horrida
1071 1147 1151 1188 aut
1181 1145 1416 1198 paludibus
1448 1147 1595 1200 foeda,
1628 1148 1819 1192 umidior
1847 1161 1936 1204 qua

597 1222 783 1273 Gallias,
818 1225 1046 1267 ventosior
1078 1237 1164 1278 qua
1196 1226 1407 1268 Noricum
1438 1239 1489 1269 ac
1515 1227 1792 1272 Pannoniam
1825 1230 1935 1284 aspi-

595 1303 679 1355 cit;
725 1303 838 1345 satis
878 1304 1026 1357 ferax,
1069 1305 1382 1356 frugiferarum
1423 1307 1631 1350 arborum
1670 1307 1932 1365 impatiens,
1972 1325 1978 1330 ·

596 1394 806 1435 pecorum
838 1384 1046 1434 fecunda,
1080 1385 1156 1427 sed
1189 1385 1446 1438 plerumque
1478 1386 1732 1440 improcera.
1997 1373 2002 1376 ⁸

417 1460 585 1504 Iniuria
629 1462 986 1506 Hirschfelderus
1018 1464 1241 1517 perhibet,
1280 1476 1370 1507 voc.
1403 1467 1514 1508 satis
1543 1466 1792 1512 ablativum
1822 1479 1936 1521 esse.

1073 1608 1218 1651 XIIII.

355 1675 524 1717 Ibidem
555 1676 706 1719 XIII.:
1950 1737 1952 1741 y

536 1756 651 1798 Tum
690 1758 736 1798 in
779 1758 875 1810 ipso
919 1758 1099 1801 concilio
1141 1759 1212 1801 vel
1244 1759 1492 1813 principum
1522 1760 1681 1814 aliquis
1710 1760 1782 1804 vel
1811 1761 1938 1816 pater

594 1836 665 1878 vel
695 1837 930 1890 propinqui
958 1840 1085 1880 scuto
1111 1838 1364 1892 frameaque
1390 1839 1601 1882 iuvenem
1617 1842 1800 1894 ornant,
1827 1841 1936 1884 haec

593 1917 710 1969 apud
751 1917 848 1959 illos
890 1920 1015 1971 toga,
1060 1918 1131 1960 hic
1174 1919 1344 1971 primus
1384 1920 1598 1962 iuventae
1634 1920 1796 1974 honos;
1829 1922 1935 1964 ante

592 1997 674 2039 hoc
705 1998 865 2041 domus
897 2010 1000 2051 pars
1034 1999 1255 2054 videntur,
1290 2012 1396 2043 mox
1427 2000 1492 2043 rei
1517 2001 1730 2054 publicae.
1747 2001 1937 2054 insignis

594 2077 802 2119 nobilitas
843 2080 924 2120 aut
955 2089 1119 2130 magna
1151 2080 1333 2131 patrum
1366 2080 1528 2123 merita
1559 2081 1770 2134 principis
1801 2080 1947 2134 digni-

590 2158 735 2198 tatem
767 2157 906 2209 etiam
939 2157 1286 2201 adulescentulis
1318 2159 1563 2212 assignant.

411 2235 700 2278 Praeferenda
732 2239 803 2279 est
836 2237 989 2280 lectio:
1022 2237 1318 2290 propinquus,

559 2317 809 2359 necessaria
839 2317 993 2360 lectio:
1025 2316 1343 2369 dignationem.

1094 2461 1198 2505 XV.

352 2582 488 2625 Cicer.
524 2583 620 2626 Cat.
655 2584 758 2626 mai.
792 2585 845 2627 de
879 2587 1109 2628 senectute
1141 2586 1175 2627 I.
1211 2587 1260 2627 1:

527 2662 562 2704 O
594 2663 733 2716 Tibe,⁴
750 2664 788 2705 si
820 2665 924 2716 quid
957 2667 1004 2707 te
1036 2665 1213 2708 adiuero
1246 2676 1457 2708 curamve
1487 2658 1682 2720 levasso,

529 2753 642 2793 quae
673 2755 793 2785 nunc
825 2745 871 2785 te
904 2745 1053 2797 coquit
1084 2747 1131 2787 et
1156 2747 1318 2788 *versat
1348 2746 1395 2787 in
1426 2748 1600 2799 pectore
1633 2747 1743 2802 fixa,

530 2823 685 2874 ecquid
717 2824 803 2866 erit
836 2825 1039 2875 praemi?

408 2901 576 2944 Iniuria
618 2903 836 2947 adnotant
879 2907 1277 2959 commentatores,
1323 2905 1535 2950 formam:
1583 2907 1747 2950 levasso
1790 2909 1936 2952 ortam

352 2991 452 3024 esse
483 2992 540 3023 ex
570 2975 775 3025 levavero.
1741 2987 1744 2990 ’
