2014 3412
984 302 1044 351 55

213 429 438 484 conferre
487 431 651 480 voluit
697 430 922 493 culpam;
971 428 1178 478 hoccine
1222 426 1484 477 ferendum
1530 428 1636 476 est‘l
1685 428 1812 485 Qua-

211 517 418 581 propter
452 516 686 579 equidem
721 532 824 566 non
852 515 1029 564 dubito
1045 551 1057 575 ,
1087 514 1210 577 quin
1238 514 1392 562 codex
1410 513 1459 562 N
1477 514 1814 576 interpolatus

212 601 281 652 sit
330 617 363 650 a
411 602 632 665 quodam
682 602 895 662 lectore,
944 600 1032 663 qui
1074 598 1324 665 quomodo
1372 613 1423 647 se
1468 612 1546 646 res
1581 598 1814 657 haberet,

213 687 382 736 minus
426 688 726 750 perspiciens
742 725 754 747 ‚
802 687 974 736 fictam
1019 701 1050 733 a
1084 700 1136 734 se
1169 684 1522 733 difficultatem
1557 699 1816 732 removere

213 772 414 822 studuit
446 773 620 821 addita
653 773 923 836 negatione
956 772 1075 834 οὐχ.

277 857 413 907 Data
457 858 712 907 occasione
757 859 1019 906 attentum
1067 855 1221 905 velim
1237 892 1249 914 ,
1296 870 1453 916 quam
1488 855 1621 903 male
1654 855 1707 902 in
1743 870 1815 903 se-

212 943 512 1007 quentibu8‚
546 958 677 1006 quae
710 959 742 991 a
775 943 966 992 verbis:
1002 942 1055 991 εἰ
1081 940 1145 990 δέ
1173 960 1255 990 τοι
1289 941 1382 989 καὶ
1412 941 1508 990 ὑπὸ
1527 946 1616 990 τοῦ
1636 941 1816 1005 ἰατροῦ

212 1029 475 1079 ἀπέθανεν
509 1029 785 1093 incipiunt,
819 1043 871 1077 se
906 1028 1093 1076 habeat
1127 1042 1405 1090 pronomen
1440 1028 1597 1082 αὐτός
1613 1064 1624 1086 ,
1642 1027 1696 1074 in
1714 1042 1817 1074 una

212 1115 487 1179 eademque
532 1115 802 1165 verborum
847 1113 1050 1176 periodo
1094 1115 1276 1175 quater
1322 1113 1622 1161 adhibitum.
1692 1112 1815 1160 Cum

212 1201 350 1252 enim
398 1201 622 1265 primum
673 1200 801 1248 illud
847 1201 1006 1249 αὐτοῦ
1053 1199 1116 1247 ad
1163 1214 1333 1248 senem
1380 1201 1601 1262 spectet,
1648 1201 1816 1247 cetera

211 1290 387 1338 autem
424 1287 551 1346 tria,
586 1301 716 1350 quae
752 1288 1034 1349 sequuntur
1067 1286 1392 1349 pronomina:
1430 1287 1615 1344 αὐτόν,
1654 1287 1816 1348 αὐτῷ,

210 1374 350 1439 αὐτῷ
383 1373 448 1422 ad
481 1387 643 1421 unum
683 1371 936 1420 medicum
973 1371 1237 1421 referenda
1271 1371 1403 1431 sint,
1439 1387 1530 1435 ego
1565 1371 1816 1434 paenulti-

209 1475 354 1509 mum
394 1459 523 1508 illud
569 1459 734 1522 αὐτῷ,
781 1457 902 1521 quia
947 1458 1090 1507 salva
1123 1457 1380 1506 sententia
1414 1457 1589 1505 abesse
1622 1458 1816 1519 potest,

210 1561 365 1610 quam
399 1545 619 1594 maxime
653 1546 944 1607 suspectum
979 1543 1153 1591 habeo.
1189 1542 1299 1590 Dici
1333 1542 1468 1590 enim
1502 1542 1588 1591 vix
1621 1543 1816 1604 potest,

213 1632 411 1696 quoties
450 1631 576 1680 talia
608 1629 909 1694 pronomina
941 1644 973 1676 a
1007 1629 1355 1692 grammaticis
1391 1628 1565 1676 addita
1591 1629 1720 1688 sint,
1754 1630 1816 1676 ut

212 1719 488 1769 rectissime
521 1719 697 1767 monet
730 1717 792 1765 H.
830 1716 1078 1779 Sauppius
1114 1730 1189 1778 ep.
1230 1715 1342 1764 crit.
1378 1731 1490 1778 pag.
1528 1715 1604 1764 36.

280 1803 328 1854 δ.
356 1805 448 1866 §Z
485 1805 512 1853 ὁ
545 1802 646 1866 μὲν
677 1796 770 1852 οὖν
805 1801 1009 1851 διώκων
1043 1802 1135 1851 οὐκ
1170 1801 1332 1851 εἰκόσι
1361 1803 1651 1866 τεκμηρίοις
1677 1803 1815 1865 χρώ-

213 1909 369 1954 μενος
418 1897 599 1941 τοῦτον
649 1891 741 1938 τὸν
791 1889 1024 1953 ἄρξαντάς
1074 1906 1236 1950 φησιν
1286 1886 1438 1939 εἶναι.
1490 1889 1541 1936 εἰ
1577 1887 1678 1951 μὲν
1719 1887 1819 1951 γοὶρ

214 1980 378 2043 ὥσπερ
427 1977 639 2039 βλέπειν
688 1976 787 2038 μὲν
832 1983 945 2024 τοῖν
998 1975 1302 2036 ὀφθαλμοῖν
1347 1974 1553 2024 α’κούειν
1607 1973 1661 2022 δὲ
1708 1983 1819 2030 τοῖς

215 2066 368 2125 ὠσίν,
412 2065 542 2114 οὕτω
587 2063 722 2111 κατὰ
765 2064 926 2124 φύσιν
971 2058 1031 2122 ἦν
1076 2062 1315 2126 υβρίζειν
1360 2059 1459 2119 μὲν
1493 2061 1612 2118 τοὺς
1645 2065 1816 2117 νέους,

216 2157 501 2216 σωφρονεῖν
544 2148 601 2198 δὲ
648 2149 765 2205 τοὺς
809 2153 1084 2214 γέροντας,
1133 2146 1284 2196 οὐδὲν
1323 2148 1394 2196 ἂν
1437 2156 1528 2209 τῆς
1561 2150 1816 2212 ὑμετέρας

216 2241 430 2304 κρίσεως
473 2234 592 2285 ἔδει·
638 2236 766 2293 αὐτὴ
812 2234 911 2299 γάρ
956 2237 984 2293 ἡ
1018 2234 1192 2293 ἡλικία
1227 2241 1331 2284 τῶν
1365 2237 1495 2283 νέων
1531 2238 1812 2300 κατέκρινε.

215 2325 308 2374 Rei
341 2322 493 2373 amici
526 2321 832 2384 impugnant
865 2320 1023 2383 igitur
1056 2320 1151 2369 hoc
1184 2321 1293 2369 loco
1329 2335 1415 2381 ea,
1452 2337 1582 2383 quae
1617 2336 1814 2370 accusa·

214 2412 299 2461 tor
344 2428 392 2475 γ.
442 2409 471 2469 ἓ
498 2408 542 2455 2.
586 2407 894 2470 protulerat:
930 2406 1166 2455 iuvenem
1200 2406 1408 2455 initium
1442 2406 1616 2456 fecisse
1649 2408 1788 2455 rixae
1805 2444 1816 2466 ‚

213 2496 509 2561 petulanter
551 2493 688 2542 enim
737 2494 788 2541 et
835 2492 1019 2555 iniquis
1066 2492 1300 2540 manibus
1346 2492 1568 2541 alterum
1613 2493 1818 2556 aggredi

213 2583 457 2632 iuvenum
492 2579 654 2643 magis
689 2594 793 2627 esse
820 2593 975 2641 quam
1004 2593 1197 2627 senum.
1234 2577 1418 2641 Atqui,
1436 2579 1602 2642 pergit
1621 2581 1816 2640 orator,

215 2668 260 2716 si
292 2666 521 2717 omnium
548 2665 790 2714 iuvenum
819 2663 1079 2726 proprium
1110 2665 1241 2712 esset
1262 2663 1471 2714 ferocire
1489 2665 1817 2728 omniumque

216 2767 395 2803 senum
439 2751 714 2815 prudenter
757 2765 930 2813 agere,
976 2749 1129 2798 nullis
1168 2765 1323 2813 porro
1365 2766 1490 2814 opus
1525 2753 1657 2800 esset
1689 2751 1816 2799 iudi-

217 2839 328 2898 ciis,
360 2853 482 2886 nam
509 2837 619 2900 ipsa
645 2836 883 2884 iuventus
912 2835 1271 2884 condemnaret
1289 2836 1671 2886 adolescentem.
1693 2836 1816 2884 Cum

217 2926 394 2974 autem
434 2938 610 2972 revera
655 2922 805 2970 multi
839 2921 1046 2970 iuvenes
1081 2921 1355 2983 prudenter
1390 2923 1641 2985 multique
1677 2938 1817 2971 senes

217 3010 429 3074 superbe
464 3009 670 3072 agentes
704 3007 1032 3057 inveniantur
1047 3043 1059 3067 ,
1092 3007 1301 3057 iuvenes
1336 3024 1438 3057 non
1469 3010 1590 3057 sunt
1617 3009 1671 3057 in
1689 3009 1816 3072 peri-
