2014 3412
1026 318 1088 366 60

266 444 587 506 transpositio
618 444 874 506 proposita
907 459 937 490 a
972 442 1256 506 Spengelio‚
1292 458 1439 505 quem
1474 442 1728 492 Infinitivo
1747 444 1851 492 ἐπι-

266 533 547 593 τρεφθῆναι
582 544 682 576 non
717 529 957 576 offensum
993 518 1098 576 esse
1134 528 1300 575 miror.

331 613 541 661 Gratum
578 614 699 660 mihi
729 615 864 671 erat,
896 627 1009 660 cum
1033 612 1486 660 animadverterem
1500 648 1511 670 ,
1531 611 1850 676 Spengelium

265 699 497 761 legendo:
544 705 630 746 τοῦ
666 698 992 754 πατάξαντος
1027 712 1140 759 pro:
1177 703 1264 745 τοῦ
1300 696 1701 753 ἀποκτείναντος
1734 711 1849 746 ean-

266 784 379 832 dem
424 783 643 846 proferre
686 784 1050 840 coniecturam,
1097 782 1150 828 in
1191 797 1342 844 quam
1379 784 1430 830 et
1459 783 1562 844 ipse
1595 782 1848 844 quondam

265 868 559 916 incidissem.
595 868 729 915 Nam
765 883 828 915 ne
863 868 1179 916 evanesceret
1215 868 1305 913 aut
1339 866 1714 914 deminueretur
1745 866 1848 925 vis,

267 967 395 1014 quae
439 953 546 1000 loco
579 953 789 1007 inesset,
826 953 916 998 aut
949 951 1289 1013 reponendum
1324 951 1592 1012 putabam:
1629 952 1658 999 ὁ
1690 951 1848 1000 πατά-

269 1041 363 1094 ξας
399 1066 459 1071 -
495 1042 583 1085 τοῦ
617 1037 941 1093 πατάξαντος
977 1038 1067 1083 aut
1102 1037 1129 1084 ὁ
1167 1035 1471 1091 ἀποκτείνας
1505 1065 1564 1070 -
1599 1042 1688 1085 τοῦ
1727 1035 1849 1084 αἶπο-

271 1125 584 1179 κτείναντος,
616 1137 829 1183 quorum
846 1122 983 1183 prius
1002 1121 1358 1183 praeferebam,
1376 1121 1524 1183 quod,
1542 1123 1852 1183 quantopere

270 1206 442 1255 Graeci
491 1207 644 1255 verba
694 1207 855 1254 malae
906 1206 1124 1254 notionis
1142 1243 1153 1263 ,
1205 1206 1468 1267 praecipue
1511 1207 1562 1252 in
1607 1206 1754 1252 rebus
1787 1205 1850 1252 ad

269 1291 453 1339 iudicia
485 1291 827 1352 spectantibus
843 1327 854 1349 ,
884 1291 1074 1339 evitare
1104 1291 1322 1349 soleant,
1353 1306 1501 1338 nemo
1518 1305 1621 1338 non
1635 1290 1849 1352 ignorat.

271 1375 365 1423 Sed
392 1377 565 1437 postea
591 1376 718 1423 hanc
749 1375 1085 1423 coniecturam
1106 1375 1436 1423 omittendam
1456 1374 1700 1432 iudicavi,
1718 1373 1852 1436 quod

270 1460 324 1507 in
356 1460 449 1508 hoc
482 1460 641 1507 altero
675 1460 900 1508 membro
935 1460 1042 1521 ipsa
1069 1459 1278 1507 necandi
1306 1459 1446 1507 notio
1465 1474 1615 1521 quam
1635 1459 1866 1507 maxime·

272 1544 338 1592 sit
372 1544 610 1607 urgenda.

338 1629 540 1676 Ibidem:
592 1629 782 1677 ανόσια
835 1629 933 1693 γάρ
987 1629 1120 1688 (ἂν)
1167 1630 1195 1677 ὁ
1241 1627 1553 1691 διωκόμενος
1586 1630 1771 1686 πάθοι,
1806 1635 1856 1679 εἰ

271 1720 393 1775 μήτε
422 1714 727 1771 ἀποκτείνας
755 1713 877 1779 ’ὑπὲρ
904 1722 990 1763 τοῦ
1008 1715 1400 1770 ἀποκτείναντος
1417 1719 1539 1775 μήτε
1557 1715 1716 1779 ἄρξας
1731 1716 1852 1781 ὑπὲρ

271 1805 358 1849 τοῦ
376 1800 626 1864 ἄρξαντος
644 1801 821 1861 φονεὺς
840 1802 1000 1849 ἔσται.
1015 1801 1145 1848 Μ616
1162 1816 1241 1848 me
1260 1800 1426 1858 habet,
1441 1801 1852 1863 quotiescumque

270 1885 393 1933 haec
427 1886 581 1934 verba
615 1887 783 1934 mente
813 1886 1089 1947 perlustro,
1124 1885 1372 1947 particula
1405 1886 1527 1949 γάρ,
1558 1901 1712 1948 quae,
1731 1901 1851 1948 quo-

272 1971 418 2019 modo
463 1971 557 2019 hoc
601 1971 708 2018 loco
755 1971 1044 2033 explicanda
1087 1971 1179 2030 sit,
1224 1971 1402 2019 nescio.
1450 1971 1684 2027 Quamvis
1717 1971 1851 2020 enim

271 2057 375 2103 late
434 2056 488 2102 in
547 2055 872 2117 Antiphontis
924 2056 1233 2104 orationibus
1283 2056 1430 2117 huius
1479 2056 1685 2104 voculae
1734 2070 1852 2103 usus

271 2142 467 2203 pateat,
507 2142 679 2189 tamen
715 2156 814 2189 non
849 2141 1024 2202 quovis
1059 2141 1167 2188 loco
1203 2140 1425 2188 adhiberi
1459 2142 1650 2203 potest,
1683 2140 1759 2188 ita
1791 2143 1852 2188 ut

273 2226 396 2273 mihi
429 2225 574 2274 facile
611 2226 934 2288 persuadeam
951 2262 962 2284 ,
993 2227 1083 2272 aut
1113 2227 1399 2286 corruptam
1431 2240 1534 2273 esse
1551 2225 1850 2287 particulam

272 2311 396 2375 γάρ,
449 2312 538 2358 aut
587 2311 661 2369 id,
713 2310 776 2357 ad
821 2310 953 2372 quod
999 2309 1257 2357 referenda
1301 2309 1392 2367 sit,
1441 2309 1689 2357 excidisse.
1725 2308 1847 2356 Cum

272 2398 471 2455 autem,
525 2411 613 2443 cur
661 2395 754 2443 hoc
804 2395 1021 2443 alterum
1078 2395 1328 2452 statuam,
1374 2408 1474 2440 non
1518 2393 1639 2440 satis
1673 2407 1851 2440 causae

272 2482 441 2529 adesse
474 2482 647 2542 putem
662 2517 673 2539 ,
707 2480 833 2527 nihil
868 2479 971 2526 iam
999 2479 1158 2527 restat
1172 2515 1183 2537 ,
1215 2477 1309 2524 nisi
1338 2479 1398 2525 ut
1414 2477 1446 2525 J
1448 2477 1718 2525 ernstedtio
1734 2513 1745 2536 ,
1763 2478 1851 2539 qui

272 2567 460 2615 observ.
496 2565 700 2627 Antiph.
737 2580 848 2627 pag.
883 2564 956 2612 19.
992 2564 1224 2612 voculam
1259 2563 1354 2627 γάρ
1381 2562 1663 2610 coniectura
1691 2562 1849 2611 remo-

272 2666 386 2701 vere
430 2650 650 2708 studuit,
697 2649 884 2697 socium
929 2663 1010 2695 me
1044 2647 1336 2695 adscribam.
1373 2646 1611 2694 Attamen
1650 2661 1849 2702 vereor,

273 2751 336 2784 ne
368 2735 445 2784 vir
473 2735 785 2783 doctissimus
815 2749 915 2782 non
932 2735 1065 2781 recte
1084 2734 1202 2794 agat
1219 2731 1493 2779 rescribens
1509 2728 1575 2788 3‘,
1592 2730 1710 2779 licet
1727 2731 1852 2780 haec

273 2820 521 2883 particula
565 2815 678 2867 cum
713 2819 810 2882 γάρ
843 2819 895 2865 in
931 2817 1069 2865 libris
1105 2816 1225 2864 MSS
1260 2815 1464 2864 confusa
1496 2815 1576 2863 sit.
1610 2814 1743 2862 Nam
1777 2830 1851 2874 ea,

273 2921 401 2968 quae
437 2906 716 2966 sequuntur
752 2903 998 2966 prioribus
1034 2917 1134 2950 non
1167 2916 1254 2963 per
1287 2900 1587 2962 particulam
1624 2899 1850 2947 adversa-

213 2975 218 2979 *
275 2991 435 3039 tivam
477 2989 792 3052 opponenda,
828 2988 912 3036 sed
948 2986 1276 3036 conclusionis
1308 2985 1415 3033 loco
1450 2983 1675 3032 addenda
1707 2985 1850 3040 sunt,
