2014 3412
1060 278 1142 342 20v

296 419 398 467 scil.
450 434 566 468 vero
611 420 745 467 haud
788 420 1025 468 dissimile
1072 435 1201 479 esse,
1243 421 1463 469 latrones
1510 421 1709 470 caedem
1741 435 1871 469 com-

296 505 486 553 misisse
514 507 605 552 aut
633 505 757 553 alios
785 505 1025 567 quosdam
1054 503 1278 553 homines
1305 506 1593 566 sceleratos,
1621 506 1733 569 qui,
1758 520 1873 554 cum

295 605 326 637 a
361 591 560 639 domino
607 593 658 638 et
703 606 843 639 servo
890 591 1094 638 domum
1139 591 1508 639 revertentibus
1546 592 1599 639 in
1633 591 1874 640 maleficio

287 677 513 737 occupati
542 677 793 738 conspecti
825 678 986 724 essent
1001 713 1012 735 ,
1045 677 1218 735 veriti,
1238 691 1300 724 ne
1317 692 1404 739 per
1423 693 1503 726 eos
1521 677 1873 740 proderentur,

285 763 558 823 utrumque
593 762 868 809 trucidasse
901 761 1176 823 finguntur.
1208 761 1305 820 At,
1334 762 1499 823 inquit
1529 764 1803 821 accusator,
1831 761 1874 809 si

286 847 390 894 tale
435 847 555 908 quid
601 846 886 905 accidisset,
933 846 1171 907 postridie
1216 861 1318 893 una
1362 860 1476 893 cum
1515 846 1693 894 horum
1725 845 1874 894 caede

288 933 443 980 etiam
490 932 791 980 maleficium
827 931 962 978 istud
996 931 1312 979 innotuisset.
1362 931 1536 992 Neque
1571 931 1679 980 iure
1710 931 1872 994 perhi-

286 1016 372 1064 bet
404 1031 516 1064 reus
533 1053 544 1074 ,
579 1016 810 1064 omnibus
844 1030 1137 1077 persuasum
1170 1015 1345 1074 fuisse,
1385 1016 1560 1063 statim
1594 1016 1648 1064 in
1681 1017 1872 1079 ipsum,

286 1103 463 1163 utpote
493 1101 579 1163 (1111
609 1101 863 1149 hominem
892 1100 1221 1147 interemtum
1247 1100 1456 1159 odisset,
1476 1115 1674 1149 omnem
1693 1101 1870 1150 redun-

286 1186 522 1233 daturam
573 1201 676 1234 esse
721 1185 1065 1247 suspicionem.
1113 1183 1272 1232 Nemo
1318 1186 1452 1232 enim
1492 1185 1594 1234 fere
1637 1188 1739 1246 est,
1783 1185 1871 1249 qui

287 1273 456 1333 putet,
500 1285 581 1318 606
597 1307 608 1328 ,
642 1270 821 1331 quibus
857 1269 1020 1316 minus
1053 1269 1340 1330 impendeat
1375 1270 1653 1331 periculum
1668 1307 1680 1330 ,
1714 1285 1871 1333 aeque

285 1355 430 1404 facile
469 1370 526 1403 ac
560 1355 738 1417 quibus
773 1354 1004 1416 graviora
1038 1354 1256 1413 instent,
1292 1355 1355 1402 ad
1389 1356 1591 1403 insidias
1624 1355 1870 1418 parandas

287 1440 530 1488 accedere.
578 1439 711 1487 Nam
747 1439 816 1487 eis
852 1439 903 1499 (i.
925 1454 966 1486 e.
1002 1439 1186 1500 ignotis
1220 1440 1318 1486 11116
1333 1476 1344 1498 ,
1381 1440 1484 1488 sive
1516 1441 1737 1490 latrones
1763 1440 1868 1488 fue-

286 1527 432 1583 runt,
466 1525 570 1572 sive
599 1524 669 1583 ei,
699 1524 785 1585 qui
809 1524 862 1570 in
891 1523 1132 1571 maleficio
1166 1525 1391 1586 occupati
1410 1525 1659 1587 conspecti
1677 1526 1869 1586 erant,)

286 1625 441 1672 pavor
487 1613 539 1658 et
583 1624 797 1671 pravum
841 1608 1095 1670 ingenium
1143 1610 1264 1670 apta
1313 1612 1485 1668 erant,
1525 1625 1653 1672 (11166
1686 1609 1870 1658 mentis

286 1695 678 1742 admonitionem
710 1694 761 1754 (i.
782 1709 823 1741 e.
855 1693 1170 1757 προμηθίαν)
1200 1694 1554 1755 reprimerent,
1583 1694 1668 1742 isti
1696 1696 1868 1742 autem

289 1780 340 1840 (i.
361 1795 400 1828 e.
431 1782 536 1840 reo)
571 1778 848 1840 periculum
883 1781 934 1825 et
969 1778 1211 1837 officium,
1246 1793 1374 1839 quae
1405 1779 1652 1826 maiorem*
1670 1779 1723 1826 in
1751 1793 1868 1826 eum

287 1879 480 1912 necesse
513 1866 623 1911 erat
654 1862 758 1910 vim
793 1862 1060 1920 haberent,
1095 1877 1247 1923 quam
1278 1877 1425 1910 causa
1452 1863 1746 1922 imminens,
1777 1863 1867 1911 eti-

288 1949 413 1995 amsi
435 1948 647 2010 pectoris
665 1947 803 1995 furor
820 1962 935 1995 eum
952 1947 1054 1993 iam
1073 1947 1126 1994 in
1144 1948 1403 1995 consilium
1422 1948 1582 1996 caedis
1599 1949 1844 2011 rapuisset
1857 1984 1870 2007 ,

286 2035 457 2080 tamen
503 2033 681 2080 idonea
714 2034 887 2090 erant,
922 2034 979 2078 ut
1015 2032 1170 2078 animi
1205 2032 1452 2093 impetum
1486 2035 1866 2095 compescerent.

351 2119 493 2166 Hanc
537 2117 842 2165 sententiam
890 2118 1059 2163 orator
1106 2116 1155 2163 in
1194 2117 1291 2164 duo
1325 2117 1400 2164 ita
1434 2117 1605 2166 divisit
1638 2118 1772 2177 cola,
1809 2119 1869 2165 ut

289 2203 564 2251 chiasmum
581 2240 592 2262 ‚
628 2201 714 2263 qui
741 2203 976 2260 vocatur,
1006 2200 1302 2259 admittens,
1333 2201 1386 2248 in
1414 2202 1684 2263 posteriore
1712 2215 1866 2249 mem-

287 2289 401 2347 bro,
431 2288 562 2350 quod
591 2287 654 2333 ad
678 2286 795 2341 τοὺς
812 2281 970 2341 ἧσσον
988 2283 1386 2340 κινδυνεύοντας
1404 2287 1621 2347 pertinet
1634 2322 1646 2344 ,
1664 2285 1864 2333 demon-

287 2374 427 2420 stret.
473 2373 542 2419 At
587 2372 680 2419 tali
724 2370 1071 2432 explicationi,
1116 2386 1267 2431 quam
1314 2371 1458 2418 unice
1499 2371 1687 2417 iustam
1733 2383 1865 2428 esse,

289 2458 412 2505 mihi
456 2472 607 2519 quam
653 2455 1084 2517 persuasissimum
1128 2454 1285 2502 habeo
1302 2491 1313 2512 ,
1359 2455 1466 2516 ipsa
1494 2455 1684 2502 tradita
1716 2454 1864 2522 lectio

288 2543 504 2589 maxime
549 2541 714 2589 officit.
758 2540 829 2586 Ex
864 2539 1096 2587 omnibus
1129 2541 1300 2586 autem
1336 2539 1704 2598 conaminibus,
1737 2553 1866 2600 quae

286 2629 382 2677 viri
415 2628 549 2675 docti
582 2627 645 2673 ad
678 2626 1025 2673 difficultatem
1058 2624 1331 2672 tollendam
1367 2625 1687 2686 protulerunt
1702 2661 1713 2682 ,
1741 2623 1865 2671 1111111

286 2713 409 2760 1111111
455 2711 613 2774 magis
652 2711 842 2773 placet,
876 2724 1029 2771 quam
1065 2709 1197 2769 quod
1231 2709 1483 2756 Bekkerus
1517 2724 1605 2771 pro
1639 2709 1865 2756 codicum

286 2799 550 2862 προθυμία
592 2796 846 2854 restituit,
881 2795 981 2842 scil.
1018 2795 1295 2857 προμηθία.
1341 2794 1478 2840 Η660
1512 2793 1645 2840 enim
1680 2793 1866 2841 coniec-

286 2885 403 2930 tura
437 2885 489 2930 et
524 2882 713 2943 optime
746 2881 798 2927 in
834 2895 941 2927 rem
973 2880 1188 2942 quadrat
1216 2882 1265 2927 et
1296 2879 1430 2926 facili
1458 2880 1657 2941 negotio
1681 2894 1708 2927 6
1737 2879 1864 2927 codi-

286 2983 400 3015 cum
435 2967 682 3029 scriptura
715 2965 927 3013 elicitur.
958 2965 1091 3020 Quae
1119 2979 1234 3012 cum
1261 2964 1335 3012 ita
1361 2964 1463 3012 sint
1476 3001 1488 3023 ,
1506 2964 1608 3011 iam
1625 2964 1865 3012 corruunt
