2014 3412
1000 283 1089 331 108

248 407 300 453 et
333 406 436 454 illic
469 407 602 454 absit
637 408 689 455 et
723 408 893 454 nostro
928 407 1035 455 loco
1069 407 1216 469 plane
1251 407 1431 456 inutile
1460 407 1694 457 abundet.
1724 409 1831 466 Quo

247 490 465 549 accedit,
511 491 643 553 quod
689 505 847 552 seqq.:
896 491 1013 546 τους
1055 491 1321 555 μάρτυρας
1357 492 1471 548 τους
1506 510 1831 559 καταμαρτυ-

247 581 466 638 ροῦντας
501 590 844 638 praegressum
880 577 1082 637 quidem
1117 591 1219 624 esse
1253 577 1480 624 indicant
1513 578 1830 639 vocabulum,

246 675 344 720 quo
390 660 697 722 significetur
733 663 907 707 contra
940 676 1089 722 quem
1124 661 1476 709 testimonium
1512 661 1702 710 dictum
1736 663 1830 723 sit,

245 743 329 791 sed
364 759 464 792 non
497 745 647 799 item,
687 745 766 791 cui
800 745 851 791 id
886 746 952 792 sit
987 746 1216 794 utilitati.

310 829 370 875 In
405 829 726 890 sequentibus
762 843 958 889 vereor,
995 833 1054 877 ut
1088 831 1262 878 multis
1296 831 1518 892 placeat,
1548 831 1680 893 quod
1697 830 1832 880 Reis-

245 913 357 960 kius
421 914 584 961 verbis
639 920 750 968 τοῖς
793 921 1139 977 μαρτυροῦσιν
1187 915 1488 977 interposuit
1531 929 1831 978 pronomen:

247 999 391 1059 ἐμοί,
438 1013 580 1056 cum,
627 1001 685 1046 ut
732 999 833 1046 iam
882 1000 1195 1047 Maetznerus
1241 1015 1352 1062 pag.
1392 999 1483 1046 264
1519 999 1832 1059 observavit,

248 1085 385 1142 tota,
432 1098 559 1144 quae
602 1083 742 1130 adest
776 1084 1045 1145 oppositio,
1081 1086 1307 1132 versetur
1341 1085 1476 1132 inter
1509 1089 1611 1133 τῶν
1644 1085 1832 1147 μαρτύ-

251 1185 349 1230 ρων
395 1167 687 1214 testimonia
732 1169 783 1215 et
828 1170 1177 1216 accusatorum
1223 1169 1387 1216 verba.
1435 1169 1578 1216 Hanc
1622 1169 1685 1217 ob
1719 1183 1834 1216 cau-

252 1267 359 1298 sam
405 1251 776 1310 Bohlmannus,
822 1252 879 1299 cl.
928 1252 1061 1312 §84,
1109 1253 1195 1300 ubi
1240 1254 1445 1300 tantum
1480 1254 1686 1316 legitur:
1723 1259 1835 1308 τοῖς

251 1334 352 1397 μὲν
397 1343 773 1399 μαρτυροῦσιν,
819 1337 1083 1385 delendum
1130 1338 1298 1399 potius
1333 1341 1502 1385 censet
1535 1338 1834 1400 vocabulum

251 1421 525 1484 μάρτυσιν.
585 1421 704 1481 Sed,
750 1422 1016 1483 quominus
1061 1423 1168 1470 viro
1216 1422 1501 1470 doctissimo
1546 1423 1639 1470 hac
1680 1423 1734 1469 in
1778 1437 1835 1470 re

256 1505 651 1561 consentiamus,
689 1521 745 1554 00
779 1522 965 1575 11113113-
983 1507 1286 1565 retinemur,
1321 1507 1454 1568 quod
1481 1512 1593 1554 tum
1624 1506 1842 1555 vocabu-*

251 1591 359 1637 lum
403 1597 749 1654 μαρτυροῦσιν
783 1591 985 1653 quidem
1021 1591 1370 1653 explicandum
1405 1593 1536 1638 esset
1569 1605 1680 1653 per:
1717 1598 1851 1656 ‘talg-

254 1682 354 1723 τῶν
408 1678 675 1739 μαρτύρων
719 1677 1057 1740 μαρτυρίαις,
1105 1676 1269 1738 ipsum
1315 1677 1488 1722 autem
1534 1675 1835 1723 vocabulum

252 1762 557 1824 μαρτυρίαις
591 1763 796 1823 propter
829 1761 1055 1823 opposita
1089 1768 1199 1814 τοῖς
1231 1760 1432 1823 λόγοις,
1468 1761 1555 1814 οὓς
1586 1752 1726 1808 οὗτοι
1759 1761 1834 1808 λε’-

253 1865 436 1911 γουσιν
483 1847 690 1895 minime
736 1848 905 1896 abesse
949 1847 1079 1894 licet.
1122 1845 1366 1908 Equidem
1410 1845 1509 1894 levi
1553 1845 1836 1893 mutatione

253 1935 465 1995 utroque
501 1934 608 1982 loco
642 1935 741 1996 legi
774 1934 972 1980 malim:
1009 1939 1120 1988 τοῖς
1156 1931 1255 1993 μὲν
1283 1939 1392 1986 τοῖς
1419 1931 1677 1992 μάρτυσιν
1705 1949 1835 1994 μαρ-

253 2022 497 2081 τυρουμέ
506 2037 663 2074 νοις.
701 2019 834 2067 Nam
867 2019 964 2066 ita:
1001 2018 1065 2065 τοὶ
1097 2019 1488 2081 μαρτυρούμενα
1518 2016 1637 2078 poni
1666 2030 1754 2078 pro
1772 2020 1834 2063 αἱ

252 2103 536 2167 μαρτυρίαι
582 2104 899 2151 notissimum
935 2105 1034 2160 est3
1072 2102 1132 2150 cf.
1169 2102 1321 2150 etiam
1358 2103 1556 2164 praeter
1589 2100 1667 2160 id,
1703 2099 1835 2161 quod

255 2189 493 2236 adnotavi
527 2188 590 2234 ad
624 2188 681 2235 V.
717 2187 850 2247 §57‚
881 2189 942 2234 Α.
971 2205 1020 2251 γ.
1049 2188 1147 2247 §92
1179 2190 1320 2248 ἡμεῖς
1350 2184 1405 2234 δὲ
1436 2188 1582 2244 ὑμῶν
1610 2183 1834 2246 δεόμεθα

253 2274 349 2336 μὲν
397 2273 572 2327 οὐδέν,
624 2274 834 2337 λέγομεν
881 2271 927 2320 δ’
971 2274 1121 2333 ὑμῖν,
1168 2273 1217 2320 εἰ
1241 2276 1365 2334 μήτε
1402 2272 1457 2319 ἐκ
1491 2276 1593 2320 τῶν
1628 2271 1835 2320 εἰκότων

254 2364 374 2420 μήτε
419 2361 475 2407 ἐκ
517 2363 618 2407 τῶν
652 2361 1080 2421 μαρτυρουμένων
1113 2349 1260 2412 οὗτος
1294 2363 1388 2405 νῦν
1422 2356 1709 2421 ἐλέγχεται,
1744 2356 1835 2404 οὐκ

254 2446 394 2493 ἔστιν
428 2446 504 2491 ἔτι
539 2450 641 2492 τῶν
677 2441 1007 2504 διωκομένων
1042 2443 1250 2506 ἔλεγχος
1283 2440 1466 2496 οὐδείς.

322 2530 512 2577 Deinde
545 2529 761 2577 Cobetus
797 2529 979 2576 Mnem.
1015 2528 1150 2576 VIII.
1187 2542 1297 2589 pag.
1337 2526 1428 2574 289
1458 2541 1556 2588 seq.
1587 2540 1676 2588 pro
1703 2526 1832 2573 into-

253 2614 450 2662 lerabili
484 2614 571 2661 illo
607 2599 941 2661 διδάσκουσιν
978 2612 1385 2660 substituendum
1417 2610 1651 2673 proponit
1683 2610 1835 2658 κελεύ-

255 2715 399 2746 ουσιν
451 2714 477 2746 0
530 2697 587 2745 V.
636 2699 754 2759 §84
801 2698 1179 2760 depromptum,
1225 2698 1277 2744 et
1322 2695 1578 2743 defensum
1625 2695 1732 2743 1000
1777 2709 1836 2742 ex

257 2785 430 2832 eadem
467 2784 694 2832 oratione
730 2784 787 2831 V.
823 2784 954 2843 §122
993 2783 1163 2830 ἔπειτα
1199 2782 1405 2836 κελεύεις
1441 2783 1556 2834 τοὺς
1585 2777 1837 2834 δικαστάς

257 2870 547 2930 ἀνωμότοις
592 2870 964 2922 πιστεύσαντας
1007 2874 1117 2922 τοῖς
1156 2872 1466 2930 μαρτυροῦσι
1501 2867 1658 2926 φόνου
1694 2862 1838 2922 δίκην

260 2960 593 3019 καταγνῶναι
651 2971 697 3016 q.
728 2969 764 3001 3.
823 2953 1185 3002 Herwerdenus
1240 2967 1355 3001 vero
1410 2950 1675 3012 utrobique
1716 2950 1839 2999 haec
