2014 3412
1064 301 1122 348 14

355 424 476 484 528.
514 424 766 485 θαυμάζω
802 423 857 472 δὲ
893 425 1046 488 ἔγωγε
1082 432 1171 484 τῆς
1205 424 1393 486 τόλμης
1424 431 1512 476 τοῦ
1543 425 1762 489 ἀδελφοῦ
1780 429 1871 477 καὶ

291 518 379 568 τῆς
410 508 676 568 διανοίας,
708 512 766 558 τὸ
784 509 1146 571 διομόσασθαι
1164 508 1283 572 υπὲρ
1299 518 1388 569 τῆς
1404 513 1592 575 μητρὸς
1610 507 1662 561 εὖ
1681 511 1872 562 εἰδέναι

290 597 359 656 μὴ
402 603 734 653 πεποιηκυῐαν
778 603 956 644 ταῦτα.
1003 595 1160 642 Valde
1206 595 1408 654 dubito,
1455 611 1576 644 num
1622 597 1730 646 iure
1776 598 1874 647 viri

291 679 424 741 docti
457 681 712 728 offendant
744 681 797 728 in
826 696 946 729 voce
978 679 1245 735 διανοίας,
1277 695 1366 742 pro
1395 695 1495 742 qua
1524 680 1752 730 Reiskius
1772 718 1784 742 ,
1813 683 1874 730 ut

290 764 491 825 οένοίας,
525 766 855 814 Iernstedtius
891 768 949 813 ut
984 764 1257 819 ἀναιδείας
1287 765 1667 825 rescriberetur,
1699 768 1874 814 auctor

291 851 500 899 exstitit.
564 851 622 899 cf.
675 851 963 899 Iernstedtii
1020 851 1419 908 „observationes
1469 849 1870 913 Antiphonteae''

290 935 442 983 tirees
476 935 542 982 du
584 935 820 992 „Journal
856 936 923 982 du
958 935 1214 983 ministere
1249 934 1308 982 de
1341 935 1678 984 l'instruction
1710 936 1873 998 publi-

291 1019 416 1082 que''
463 1019 715 1081 Petropoli
761 1035 929 1068 mense
971 1020 1100 1068 Iulio
1150 1019 1273 1078 1878
1318 1035 1429 1082 pag.
1479 1023 1521 1067 5.
1557 1035 1656 1082 seq.
1678 1022 1711 1081 ¹)
1746 1020 1874 1077 Quid

274 1105 425 1153 enim
452 1105 689 1166 impedit,
718 1105 984 1169 quominus
1014 1119 1117 1153 voc·
1149 1103 1356 1153 διανοία
1386 1105 1574 1153 valeat:
1595 1105 1873 1165 consilium,

291 1189 581 1251 dictumque
624 1189 690 1237 sit
734 1189 793 1237 de
837 1189 1007 1236 fratris
1044 1189 1247 1237 consilio
1267 1226 1278 1248 ,
1313 1191 1373 1236 ut
1404 1189 1724 1238 iureiurando
1758 1203 1874 1238 con-

290 1275 486 1333 firmet,
520 1289 647 1335 quae
681 1274 1021 1336 perhibuerit}

355 1358 424 1406 At
439 1395 450 1417 ,
484 1359 526 1405 si
559 1359 651 1406 hoc
682 1358 812 1406 forte
846 1359 1013 1405 minus
1048 1358 1260 1418 arridet,
1296 1359 1552 1421 magisque
1579 1359 1744 1420 placet
1771 1361 1873 1407 sta-

290 1445 433 1491 tuere
449 1479 460 1501 ,
523 1443 614 1490 sub
665 1443 765 1490 isto
815 1443 967 1491 verbo
1010 1443 1207 1504 aliquid
1258 1444 1479 1506 corrupti
1529 1444 1708 1502 latere,
1758 1447 1872 1492 tum

291 1528 518 1590 equidem
554 1529 808 1589 praestare
842 1529 1017 1589 putem
1032 1564 1044 1586 ,
1079 1528 1384 1590 transposita
1417 1530 1535 1576 ante
1567 1537 1655 1588 τῆς
1681 1529 1872 1590 τόλμης

290 1613 539 1675 particula
573 1616 688 1671 καί,
723 1612 900 1659 audaci
935 1627 1090 1659 manu
1125 1612 1287 1660 delere
1314 1612 1422 1674 ipsa
1450 1613 1624 1661 verba:
1655 1622 1744 1674 τῆς
1761 1613 1872 1662 δια-

291 1698 455 1753 νοίας.
490 1698 654 1745 Facile
689 1697 822 1744 enim
857 1696 963 1744 fieri
997 1697 1190 1758 potuit,
1226 1699 1286 1744 ut
1314 1697 1624 1759 magistellus
1651 1699 1872 1761 quidam,

291 1783 354 1829 ad
389 1783 730 1844 explicandam
765 1782 895 1830 hanc
928 1783 1230 1844 particulam
1265 1776 1363 1830 καί
1390 1786 1507 1831 ante
1541 1791 1630 1844 τῆς
1664 1784 1869 1846 τόλμης,

291 1868 697 1930 suprascriberet:
746 1875 834 1926 τῆς
879 1866 1144 1926 διανοίας,
1196 1869 1326 1930 quod
1360 1868 1727 1929 recordaretur,
1762 1871 1872 1918 ota-

289 1954 452 2000 torem
502 1953 604 2000 iam
658 1954 685 2012 g
722 1956 764 1999 5.
818 1954 1059 2001 miratum
1110 1969 1214 2002 esse
1264 1955 1354 2012 τὴν
1399 1955 1607 2017 γνώμην
1647 1954 1681 2001 1.
1706 1968 1748 2002 6.
1783 1956 1872 2013 τὴν

291 2036 533 2086 διανοίαν
566 2044 654 2087 τοῦ
690 2037 922 2098 ἀδελφοῦ.
955 2039 1157 2096 Deinde,
1188 2039 1319 2101 quod
1349 2039 1496 2087 aliter
1524 2039 1630 2087 fieri
1649 2039 1752 2086 iam
1769 2053 1871 2087 non

290 2124 480 2185 potuit,
514 2123 689 2172 Verba:
727 2125 818 2171 καὶ
852 2132 940 2183 τῆς
973 2122 1218 2179 διανοίας
1251 2126 1364 2186 post
1395 2131 1483 2173 τοῦ
1521 2122 1742 2192 ἀδελφοῦ
1774 2125 1870 2173 001-

290 2208 599 2255 locabantur.

342 2362 382 2406 1)
409 2360 512 2395 Hanc
549 2359 778 2396 occasionem
808 2370 877 2406 ego
904 2359 1201 2405 praetermittere
1228 2370 1301 2395 non
1328 2371 1498 2406 possum,
1525 2359 1616 2406 quin
1644 2359 1722 2396 viro
1748 2359 1871 2395 claris-

291 2419 405 2462 simo,
431 2419 530 2455 Vict.
558 2419 802 2462 Iemstedtio,
825 2418 1025 2464 professori
1050 2419 1463 2465 Petropolitano,grati
1478 2418 1593 2454 animi
1607 2419 1869 2455 documentum

290 2479 439 2525 publice
467 2479 673 2514 exhibeam.
702 2478 889 2525 Singulari
916 2479 1013 2514 enim
1042 2478 1227 2513 facilitate
1253 2478 1313 2514 hic
1339 2479 1396 2514 vir
1423 2477 1670 2521 clarissimus,
1698 2478 1870 2523 precibus

291 2539 383 2574 meis
417 2538 633 2584 indulgens,
672 2539 862 2584 exemplar
896 2538 1169 2574 dissertationis
1196 2549 1304 2580 suae,
1331 2538 1493 2572 multum
1522 2536 1750 2580 laudandae,
1775 2537 1871 2573 mihi

290 2598 374 2633 usui
411 2601 449 2633 et
486 2598 672 2643 mancipio
712 2598 825 2634 misit.
862 2598 932 2634 Pro
966 2608 1040 2642 qua
1073 2597 1302 2633 liberalitate
1337 2597 1478 2643 gratias
1513 2596 1547 2632 ei
1580 2608 1652 2643 ago
1687 2598 1726 2632 et
1750 2596 1870 2634 habeo

290 2670 403 2704 quam
428 2658 622 2694 maximas.
