2014 3412
955 289 1018 342 37

190 411 501 485 perspectam
516 454 529 477 ,
574 419 711 467 certe
755 432 857 466 non
903 417 1158 465 sublatam
1204 431 1324 465 esse.
1361 415 1590 464 Reiskius
1625 416 1790 464 verbis

191 503 476 567 adoessotvr’
509 503 576 552 ἄν
605 503 955 552 difficultatem
985 503 1240 565 quandam
1258 502 1420 550 inesse
1438 500 1619 559 sensit,
1637 516 1792 562 quam

189 593 364 640 tamen
396 589 816 652 interpretatione
845 588 1012 650 potius
1043 603 1195 650 quam
1227 586 1517 635 coniectura
1535 599 1793 633 removere

191 677 399 724 conatus
427 676 519 723 est.
549 675 864 723 Maetznerus
881 710 892 732 ‚
921 673 1042 721 dum
1071 672 1330 721 Reiskium
1361 671 1519 719 falsae
1538 670 1794 718 convincit

193 759 538 822 explicationis
553 796 565 818 ,
612 774 774 821 neque
819 773 870 807 se
913 758 1079 820 ipsum
1095 794 1106 816 ,
1154 756 1275 818 quid
1321 758 1435 805 tota
1478 755 1574 804 loci
1609 756 1794 802 natura

190 843 417 907 requirat
445 845 568 892 satis
595 844 900 892 intellexisse
930 842 1197 891 manifesto
1230 841 1436 890 indicat.
1458 839 1530 888 Ob
1549 855 1791 902 magnum

192 932 367 979 autem
401 932 717 978 momentum
733 966 745 988 ,
781 928 914 991 quod
947 927 1064 975 huic
1099 927 1208 975 loco
1243 926 1498 985 attribuo,
1527 924 1794 986 utriusque

192 1015 290 1067 viri
324 1014 605 1064 doctissimi
642 1014 798 1063 verba
833 1013 1116 1062 accuratius
1145 1026 1429 1074 persequar.
1475 1008 1702 1058 Reiskius
1731 1007 1795 1054 ad

193 1099 476 1162 εὐσεβοῖντ’
522 1099 590 1148 ἄν
639 1098 901 1148 subaudiri
947 1098 1090 1146 iubet
1139 1098 1338 1160 »ὀρθῶς
1389 1096 1482 1144 καὶ
1526 1091 1794 1148 δικαι’ως.”

198 1185 461 1249 ,Neque‚''
494 1186 662 1248 inquit
700 1187 864 1242 „recto
900 1186 952 1232 et
987 1198 1147 1245 aequo
1182 1182 1541 1231 convenienter
1575 1180 1692 1239 fiat,
1728 1179 1796 1235 si,

193 1271 282 1335 qui
314 1286 407 1320 nos
441 1273 606 1319 morte
640 1270 948 1327 affecissent,
984 1283 1086 1315 non
1127 1268 1276 1316 modo
1312 1267 1375 1314 ab
1410 1266 1472 1313 iis
1507 1265 1628 1313 locis
1663 1263 1798 1310 haud

193 1358 477 1415 arceantur,
510 1355 644 1403 unde
678 1355 904 1417 impuros
939 1353 1099 1401 arceri
1134 1368 1225 1415 par
1255 1354 1358 1410 est,
1387 1351 1473 1399 sed
1503 1352 1555 1397 et
1585 1365 1674 1412 pro
1703 1348 1798 1411 piis

193 1443 248 1491 et
294 1441 481 1490 sanctis
525 1441 824 1499 habeantur,
871 1454 1030 1500 eaque
1077 1437 1363 1486 reverentia
1398 1436 1712 1498 excipiantur
1746 1436 1799 1482 et

197 1528 499 1586 tractentur,
544 1541 645 1588 qua
690 1525 796 1587 pios
844 1527 896 1572 et
931 1526 1130 1572 sanctos
1167 1523 1325 1585 excipi
1359 1522 1438 1569 ius
1476 1523 1527 1569 et
1562 1520 1636 1567 fas
1672 1518 1796 1568 est.''

199 1613 456 1661 Hactenus
488 1611 732 1660 Reiskius
787 1610 882 1658 Sed
915 1609 1163 1672 profect0‚
1202 1609 1244 1656 si
1278 1608 1406 1656 talia
1434 1607 1591 1655 tacite
1619 1606 1797 1653 subau-

199 1697 296 1746 diri
323 1697 495 1746 licebit
509 1734 521 1756 ,
551 1697 693 1744 nulla
720 1696 825 1743 iam
843 1710 1058 1757 usquam
1077 1694 1346 1743 difficultas
1364 1693 1577 1742 residere
1595 1691 1801 1753 poterit,

203 1782 292 1832 sed
324 1797 386 1832 ex
421 1782 654 1831 omnibus
684 1781 855 1830 omnia
889 1782 979 1828 aut
1008 1779 1390 1842 interpretando
1419 1779 1510 1826 aut
1528 1776 1803 1839 supplendo

201 1867 453 1918 enucleari
485 1866 673 1915 licebit.
727 1865 778 1914 si
813 1866 891 1914 vir
926 1865 1231 1913 clarissimus
1269 1865 1424 1912 verba
1439 1900 1450 1922 ‚
1484 1877 1614 1925 quae
1648 1861 1804 1909 tacite

201 1953 423 2016 suppleri
465 1952 633 2011 iubet,
680 1951 862 1999 saltem
908 1950 960 1997 in
1007 1951 1209 1998 textum
1257 1950 1348 1996 aut
1383 1948 1678 2010 recepisset,
1714 1947 1806 1994 aut

202 2036 485 2100 recipienda
527 2036 869 2099 proposuisset
883 2072 894 2094 ,
946 2034 1160 2097 speciem
1199 2036 1334 2082 certe
1369 2033 1589 2095 aliquam
1621 2032 1806 2079 habere

201 2123 459 2172 videretur
491 2121 598 2170 eius
635 2121 903 2183 explicatio
919 2157 931 2180 ,
965 2135 1094 2182 quae
1128 2119 1308 2168 leviter
1343 2119 1511 2167 locum
1541 2117 1804 2180 inspicien-

201 2209 339 2257 tibus
372 2206 660 2255 satisfacere
694 2208 882 2269 posset;
918 2205 1004 2253 sed
1038 2204 1289 2267 quomodo
1324 2203 1583 2251 subaudiri
1611 2203 1806 2265 possint

202 2294 354 2344 verba
398 2293 570 2356 ὀρθῶς
616 2293 706 2340 καὶ
752 2290 973 2346 δικαίως
991 2328 1002 2350 ,
1044 2305 1175 2352 quae
1210 2305 1411 2337 summa
1444 2289 1613 2351 potius
1648 2288 1699 2337 vi
1735 2287 1804 2336 ef-

203 2379 410 2429 ferenda
453 2378 620 2427 forent
638 2415 649 2437 ,
696 2378 967 2439 unicuique
1003 2376 1274 2425 obscurum
1309 2375 1550 2422 manebit.
1602 2373 1681 2420 Ab
1714 2373 1808 2420 hac

203 2465 386 2514 saltem
412 2466 557 2527 parte
586 2463 767 2512 melius
797 2478 848 2511 se
877 2463 1032 2511 habet
1064 2460 1339 2509 Maetzneri
1370 2458 1664 2521 explicatiO,
1694 2456 1807 2518 qui,

203 2549 338 2614 quod
371 2549 600 2597 Reiskius
635 2550 806 2596 mente
841 2547 1062 2610 suppleri
1097 2545 1236 2594 vult:
1269 2545 1440 2609 ὀρθῶς
1470 2545 1561 2592 καὶ
1590 2542 1808 2598 δικαίως

204 2635 259 2683 111
302 2636 503 2684 textum
546 2633 794 2691 inserenS,
840 2632 963 2679 haec
997 2631 1233 2678 adnotat:
1277 2645 1467 2692 „neque
1501 2630 1565 2689 ii,
1597 2629 1685 2691 qui
1720 2643 1809 2676 nos

204 2719 567 2769 interfecerunt
608 2718 660 2779 (i.
707 2732 750 2765 e.
799 2715 1073 2764 adversarii
1120 2715 1251 2762 filius
1265 2752 1277 2774 ,
1322 2715 1411 2777 qui
1450 2729 1620 2763 meum
1654 2714 1808 2761 inter·

204 2805 327 2854 fecit
368 2805 604 2866 puerum)
653 2802 695 2849 si
738 2816 841 2849 non
888 2802 1171 2859 arceantur,
1217 2800 1350 2848 unde
1397 2815 1479 2848 eos
1526 2799 1686 2847 arceri
1719 2813 1811 2860 par

206 2893 310 2950 est,
355 2889 465 2937 iure
508 2903 540 2935 a
583 2887 828 2935 iudicibus
872 2885 1054 2948 impios
1100 2885 1478 2934 absolventibus
1529 2884 1812 2933 reverentia

207 2974 347 3041 digni
391 2972 723 3025 habeantur.''
781 2972 918 3031 Quae
971 2971 1237 3036 explicatio
1292 2971 1468 3036 utique
1516 2970 1610 3019 hoc
1658 2969 1813 3019 habet
