2014 3412
1078 307 1108 355 4

308 433 495 494 optime
529 433 804 495 intelligeS,
838 434 904 491 si,
930 448 1058 495 quae
1082 433 1136 480 in
1161 426 1378 496 gratiam
1397 434 1575 482 codicis
1593 433 1642 482 N
1659 422 1886 497 disputat

308 517 361 563 in
405 517 728 579 praefationis
772 533 882 580 pag.
928 517 1142 577 XXXV,
1179 518 1451 566 contuleris
1484 533 1600 566 cum
1634 518 1722 578 iis,
1757 533 1886 580 quac

307 603 370 649 ad
388 603 723 665 derogandam
741 603 868 650 libro
888 602 932 648 A
949 603 1305 650 auctoritatem
1321 603 1510 664 profert
1522 617 1633 665 pag.
1648 603 1888 652 XXXVII

299 702 400 748 seq.
421 715 481 720 -—
512 686 635 734 Cum
663 687 818 749 igitur
846 687 1070 748 quaestio
1100 687 1160 734 de
1178 687 1441 748 utriusque
1459 687 1574 734 libri
1590 687 1690 736 MS.
1709 688 1887 750 princi-

298 774 423 834 patu
468 773 543 819 ita
587 773 654 819 sit
699 774 989 834 comparata
1004 810 1015 831 ,
1062 773 1121 819 ut
1155 771 1422 833 unicuique
1456 771 1558 819 fere
1572 807 1584 831 ,
1618 772 1732 834 qui,
1765 772 1886 834 quid

300 871 450 918 opera
484 859 535 905 et
569 857 736 905 labore
772 872 860 905 suo
887 857 939 903 in
970 856 1297 918 Antiphontis
1320 856 1600 904 utilitatem
1618 857 1886 917 extuderit,

298 942 587 1003 prolaturus
622 944 698 990 est
714 979 726 1001 ‚
760 942 863 988 iam
897 956 1018 1003 opus
1053 941 1120 988 sit
1156 941 1404 1000 indicatO,
1439 942 1554 989 utro
1587 956 1677 1003 pro
1709 940 1885 989 funda-

299 1028 471 1073 mento
514 1028 693 1073 utatur
735 1026 901 1073 codice
918 1062 929 1084 ,
975 1025 1254 1087 quibusque
1299 1024 1359 1072 de
1401 1025 1560 1072 causis
1595 1025 1671 1073 ita
1703 1025 1883 1085 faciat,

300 1112 352 1158 et
396 1111 539 1158 nobis
586 1111 638 1157 in
684 1111 852 1158 animo
888 1112 991 1167 est,
1026 1109 1263 1172 opusculo
1297 1111 1470 1157 nostro
1495 1123 1663 1171 pauca
1697 1109 1758 1158 de
1791 1110 1886 1158 hac

299 1196 590 1257 quaestione
624 1196 960 1257 praemittere.
996 1195 1103 1251 Qua
1137 1196 1308 1242 autem
1345 1194 1398 1240 in
1435 1209 1490 1242 re
1523 1194 1752 1256 equidem
1785 1209 1886 1244 non

300 1281 446 1329 anxie
480 1296 652 1329 omnes
668 1318 679 1339 ‚
713 1295 840 1342 quae
874 1280 937 1327 ad
971 1280 1365 1341 alterutriusque
1399 1279 1577 1328 codicis
1613 1281 1884 1328 auctorita-

298 1367 404 1413 tem
449 1366 726 1428 augendam
773 1366 854 1414 vel
899 1365 1284 1413 deminuendam
1329 1364 1510 1412 adferri
1543 1365 1760 1426 possint,
1787 1365 1883 1414 lec-

298 1450 460 1498 tiones
507 1465 799 1512 congeram,
835 1450 944 1510 sed,
979 1450 1171 1498 omis‘sis
1205 1450 1300 1508 eis,
1334 1464 1462 1511 quae
1498 1450 1551 1496 in
1584 1464 1884 1512 unoquoque

300 1535 428 1582 libro
465 1551 554 1582 ms.
590 1536 888 1597 peccantur,
915 1534 969 1581 in
997 1534 1214 1581 medium
1246 1535 1451 1581 tantum
1469 1533 1734 1595 proferam,
1753 1549 1883 1596 quae

297 1634 471 1668 revera
514 1620 707 1667 faciunt
752 1619 815 1666 ad
860 1619 1264 1667 constituendam
1311 1618 1555 1666 sinceram
1599 1618 1880 1667 lectionem.

296 1703 434 1763 Huc,
479 1704 575 1751 nisi
621 1704 790 1752 omnia
833 1718 913 1751 me
959 1703 1172 1762 fallunt,
1206 1703 1451 1764 imprimis
1484 1702 1727 1751 referendi
1761 1705 1881 1751 sunt

296 1788 392 1836 loci
436 1789 557 1836 satis
603 1788 784 1847 crebri,
819 1788 906 1834 ubi
939 1787 1043 1835 cod.
1080 1787 1367 1835 Oxoniensis
1402 1787 1597 1835 omittit
1631 1802 1714 1847 ea,
1749 1803 1879 1850 quae

296 1873 467 1920 omitti
516 1888 618 1921 non
666 1873 844 1920 volunt
859 1908 871 1930 ,
917 1871 1233 1933 Orippsianus
1280 1873 1453 1919 autem
1497 1872 1770 1922 rectissime
1818 1888 1877 1921 ea

298 1958 599 2020 suppeditat.
637 1958 815 2014 Qualia
848 1959 994 2005 sunt:

360 2044 418 2090 A.
456 2041 501 2091 δ.
542 2043 674 2103 §lh
709 2043 1120 2104 ἀναμιμνῄσκων
1150 2044 1240 2100 τὴν
1271 2044 1450 2101 ποινὴν
1478 2047 1717 2105 παραινῶ
1752 2043 1879 2105 ὑμῖν

715 2130 782 2190 μὴ
802 2129 892 2175 τὸν
911 2127 1150 2175 ἀναίτιον
1169 2128 1574 2189 καταλαβόντας
1591 2127 1686 2177 τὸν
1704 2132 1876 2178 αἴτιον

721 2213 931 2273 οέφεῑναι

361 2303 421 2347 Γ.
458 2300 516 2361 β.
555 2302 582 2360 ἓ
633 2299 687 2345 4:
726 2298 952 2362 ἔγκλημα

477 2382 521 2432 ὃ.
557 2386 584 2444 ἓ
636 2385 687 2430 5:
724 2385 814 2431 καὶ
850 2392 940 2442 τῆς
977 2382 1157 2430 ἑαυτοῦ

362 2471 418 2518 V.
563 2470 693 2530 §951
731 2466 1130 2531 οέραῖστῶνδετοι
1162 2468 1195 2516 i.
1216 2483 1255 2515 e.
1293 2468 1481 2530 ῥᾷστόν
1516 2465 1580 2514 δέ
1607 2485 1688 2515 τοι

361 2556 443 2603 VI.
463 2556 516 2602 in
549 2556 870 2617 argumento:
913 2552 1240 2616 ἀπολογεῖται
1287 2551 1343 2600 δὲ
1379 2553 1406 2600 ὁ
1440 2555 1666 2616 χορηγὸς
1699 2551 1874 2614 ἀρνού-

730 2656 886 2701 μενος
919 2637 1007 2686 τὸν
1041 2640 1221 2698 φόνον.

561 2725 692 2786 §171
730 2724 1002 2781 ἐκέλευσεν,
1050 2723 1146 2786 ἐγὼ
1190 2722 1282 2770 οὐκ
1326 2720 1506 2768 οέδικῶ·
1545 2722 1604 2769 οὐ
1637 2722 1734 2785 γάρ
1772 2722 1875 2769 ἐκέ-

733 2811 898 2857 λευσα.
936 2809 1025 2855 καὶ
1058 2812 1106 2855 εἰ
1135 2823 1298 2867 φασιν
1334 2804 1537 2854 ἀδικεῖν
1570 2810 1618 2855 εἴ
1647 2824 1727 2862 τις

562 2899 590 2956 ἓ
610 2895 695 2942 32:
732 2896 947 2957 ᾐτιῶντο

358 2983 488 3032 Puto
520 2985 571 3031 et
605 2985 683 3043 te,
718 2980 957 3029 benevole
990 2979 1170 3037 lector,
1206 2978 1282 3025 his
1317 2979 1611 3026 contentum
1647 2991 1752 3025 esse
1779 2991 1872 3036 nec
