2014 3412
974 297 1030 348 17

192 423 352 472 daret.
399 422 530 472 Sunt
575 423 733 486 igitur
779 422 1008 471 homines
1055 421 1328 484 deperditi,
1375 421 1579 469 infimae
1613 423 1765 469 notae
1781 461 1792 478 ,

193 509 282 570 qui
317 509 480 572 specie
515 508 722 557 ultionis
759 508 885 556 nihil
921 507 1059 555 aliud
1096 508 1279 569 agunt,
1311 521 1465 568 quam
1497 507 1557 553 ut
1586 521 1673 569 per
1698 521 1794 554 sce-

195 594 274 644 lus
318 595 587 658 pecuniam
631 594 726 642 sibi
772 594 1081 656 comparent.
1129 591 1201 638 At
1242 591 1292 638 id
1336 591 1501 653 ipsum
1517 628 1528 650 ,
1575 591 1676 639 scil.
1713 606 1794 639 eos

196 680 358 744 specie
390 681 597 728 tantum
632 686 699 743 τῷ
735 677 981 728 διώκοντι
1016 677 1262 738 βοηθεῖν,
1297 690 1412 724 cum
1445 690 1620 724 revera
1648 676 1795 738 longe

181 755 334 815 'aliud
377 764 500 827 quid
542 764 820 813 moliantur
834 801 846 824 ,
891 763 1055 812 multo
1102 762 1384 811 accuratius
1416 761 1794 824 exprimendum

195 852 332 911 erat,
375 865 532 913 quam
572 850 632 898 fit
666 865 755 913 per
789 849 1000 912 simplex
1034 849 1386 912 βοηθοῦντας.
1423 848 1644 895 Blassius
1662 884 1674 907 ,
1709 847 1796 909 qui

190 935 290 1006 *hoc
322 935 577 984 intellexit
590 972 602 996 ,
637 934 922 984 sententiae
956 933 1275 982 satisfactum
1305 949 1409 982 esse
1436 933 1794 991 arbitrabatur,

195 1021 389 1071 inserta
438 1020 707 1084 negatione
758 1021 844 1080 ου’,
891 1019 1049 1082 quod,
1096 1034 1221 1066 num
1257 1018 1472 1067 feliciter
1504 1017 1770 1066 coniecerit
1786 1055 1797 1077 ,

197 1106 431 1170 equidem
481 1106 630 1155 valde
678 1105 870 1154 dubito.
917 1104 1051 1152 Nam
1080 1104 1366 1167 perhibere,
1395 1105 1736 1152 accusatorem
1767 1119 1798 1150 a

195 1191 618 1256 subscriptoribus
681 1191 886 1240 omnino
936 1206 1038 1239 non
1091 1190 1370 1248 sublevari,
1421 1189 1638 1237 nimium
1691 1192 1768 1236 est
1783 1225 1795 1247 ,

197 1289 360 1340 neque
393 1277 441 1325 id
479 1292 511 1324 a
543 1291 628 1325 reo
664 1276 976 1340 perhibitum
1011 1277 1151 1338 puto.
1187 1275 1291 1337 Ego
1327 1275 1483 1337 igitur
1518 1276 1694 1323 auctor
1711 1289 1796 1336 po-

195 1363 301 1412 tius
351 1362 633 1412 exstiterim
678 1362 936 1410 lectionis:
986 1362 1242 1424 βοηθ<εῐν
1289 1359 1630 1419 δοκ>οῦνταςε
1679 1361 1798 1408 sunt

197 1446 426 1497 homines
472 1446 654 1496 nefarii
699 1449 752 1495 et
797 1446 1022 1505 scelesti,
1068 1446 1156 1508 qui
1200 1446 1506 1494 accusatoris
1540 1448 1710 1508 partes
1747 1460 1798 1493 se

197 1532 444 1582 sustinere
488 1532 735 1580 simulant
750 1569 762 1592 ,
795 1534 856 1580 ut
890 1532 1108 1580 occisum
1143 1531 1452 1579 ulciscantur
1467 1567 1479 1591 ,
1513 1531 1677 1594 reipsa
1711 1547 1798 1579 au-

199 1617 308 1667 tem
322 1653 335 1678 ,
369 1619 429 1665 ut
468 1631 738 1666 crumenae
774 1631 895 1664 suae
931 1615 1212 1664 consulant.

262 1702 324 1752 In
357 1702 682 1765 sequentibus
717 1699 852 1750 recte
886 1701 1139 1764 Kayserus
1173 1701 1301 1748 Mus
1339 1700 1494 1749 Rhen.
1528 1702 1653 1762 XII,
1687 1718 1799 1766 pag.

201 1787 295 1837 238
341 1803 431 1852 pro
478 1787 708 1836 codicum
754 1787 992 1835 lectione:
1042 1773 1372 1852 κάτηγορεῖτέ
1413 1806 1515 1849 μου
1550 1788 1799 1836 restituit:

199 1876 528 1940 κατηγορεῖτο
571 1892 701 1935 μου,
746 1873 906 1936 quod,
952 1887 1040 1920 cur
1086 1873 1308 1920 Blassius
1354 1873 1407 1920 in
1455 1875 1654 1922 textum
1700 1889 1800 1922 non

199 1961 469 2024 receperit,
515 1959 651 2007 haud
695 1959 856 2022 magis
902 1959 1140 2022 intellego
1156 1996 1167 2018 ,
1212 1974 1366 2021 quam
1407 1974 1506 2021 quo
1539 1960 1647 2008 iure
1682 1962 1802 2008 ante

201 2061 306 2097 voc.
340 2044 656 2100 ἀδικοῦντας
683 2043 924 2106 quiddam
952 2044 1187 2092 excidisse
1216 2044 1469 2092 statuerit.
1490 2043 1722 2093 Oonferas
1741 2045 1801 2093 de

197 2132 362 2181 altera
403 2131 498 2180 hac
534 2130 830 2194 quaestione
865 2129 1023 2178 etiam
1058 2129 1265 2178 Schoell.
1303 2129 1609 2178 Fleckeiseni
1644 2146 1799 2178 anna-

198 2217 332 2266 libus
365 2217 504 2277 OIII,
539 2231 654 2280 pag.
691 2215 801 2263 303.

266 2320 313 2369 γ.
341 2305 371 2364 ἓ
391 2302 434 2351 2.
469 2302 772 2360 Accusator,
813 2315 930 2349 cum
963 2300 1055 2349 hoc
1088 2301 1198 2349 loco
1235 2301 1409 2350 omnia
1444 2316 1528 2350 reo
1566 2301 1804 2349 interclu-

199 2389 290 2438 dat
336 2388 532 2452 refugia
547 2425 559 2448 ,
612 2402 676 2436 ne
732 2386 1056 2435 commissum
1100 2387 1259 2434 scelus
1307 2387 1371 2434 ad
1419 2387 1542 2435 alios
1589 2385 1805 2446 referat,

199 2475 366 2525 addit:
403 2479 500 2524 εἴτε
527 2474 672 2523 ἄλλοι
703 2471 840 2528 τινὲς
867 2475 1037 2537 ἔτερόν
1066 2478 1116 2520 τι
1147 2480 1381 2522 τοιοῦτον
1404 2478 1805 2537 κακουργοῦντες

201 2563 452 2626 ὀφθέντες
515 2560 598 2611 ὑπ’
651 2561 849 2615 αὐτῶν,
901 2562 992 2608 ἵνα
1045 2562 1116 2622 μὴ
1166 2563 1447 2624 γνωσθῶσι
1499 2557 1804 2622 διέφθειραν

201 2650 416 2706 αὐτούς,
463 2649 576 2711 ἅμα
625 2653 694 2710 τῷ
737 2647 927 2694 τούτων
964 2649 1104 2709 φόνῳ
1138 2647 1196 2693 τὸ
1229 2647 1560 2710 κακούργημα
1593 2646 1661 2694 ἂν
1697 2646 1803 2703 ἐκη-

201 2737 408 2801 ρύσσετο
455 2734 549 2782 καὶ
593 2733 668 2788 εἰς
707 2733 918 2787 τούτους
952 2731 1022 2780 ἂν
1057 2736 1084 2790 ἡ
1120 2733 1315 2790 ὑποψία
1351 2728 1468 2791 ἧκεν
1502 2732 1532 2780 i.
1565 2747 1605 2780 e.
1642 2745 1803 2794 neque

201 2821 296 2871 hac
337 2836 452 2870 reus
497 2819 693 2868 dicendi
727 2818 925 2867 ratione
959 2818 1038 2866 uti
1071 2820 1241 2880 potest
1257 2856 1269 2875 ,
1305 2820 1365 2866 ut
1393 2817 1680 2881 perhibeat,
1716 2817 1802 2864 ho-

201 2907 362 2957 mines
411 2906 632 2970 perditos
682 2905 736 2953 in
788 2903 972 2952 scelere
1022 2904 1240 2966 quodam
1293 2904 1484 2953 nefario
1536 2905 1803 2966 occupatos

201 2994 426 3057 aspectos
462 3007 568 3041 esse
602 2992 666 3040 ab
703 2990 820 3049 illo,
855 2989 1062 3037 domum
1100 3005 1131 3037 a
1165 3004 1287 3038 cena
1321 2990 1591 3048 redeunte,
1626 2990 1706 3048 et,
1740 3004 1802 3037 ne
1856 2981 1858 2984 ⁵

1583 3073 1604 3105 2
