2014 3412
964 290 1027 341 39

191 420 296 483 est,
338 437 455 471 eum
469 458 481 481 ,
527 421 615 484 qui
665 420 868 469 caedem
906 418 1161 467 commisit
1175 455 1187 478 ‚
1220 417 1274 465 in
1308 417 1547 465 iudicium
1582 431 1761 465 vocare
1776 453 1788 476 ‚

191 523 292 572 quo
318 507 549 570 expietur
577 505 869 568 contagium
886 503 1143 565 scelusque
1161 503 1400 550 abluatur
1419 503 1473 550 et
1489 501 1565 548 ira
1582 501 1790 550 deorum

190 593 245 642 in
289 608 408 642 eum
422 629 435 651 ‚
480 592 568 654 qui
613 592 790 638 auctor
829 588 1061 636 maleficii
1097 588 1375 650 culpaeque
1410 586 1651 635 obnoxius
1687 588 1764 634 est
1778 622 1790 645 ,

191 678 568 740 detorqueatur,
594 676 670 723 ita
693 689 968 733 summum,
985 672 1119 735 quod
1148 671 1401 721 committi
1429 673 1612 734 potest,
1630 670 1790 719 scelus

192 763 526 813 committunt
568 760 777 816 iudiceS‚
826 773 942 806 cum
987 772 1076 820 pro
1123 757 1370 805 maleficio
1416 756 1620 804 sceleste
1653 755 1789 803 nefa-

190 848 364 911 rieque
408 847 612 910 patrato
656 859 840 907 poenas
884 857 986 891 non
1037 843 1247 890 sumunt
1295 858 1327 889 a
1361 841 1525 890 caedis
1560 842 1791 900 auctore,

193 932 255 983 of.
299 933 364 980 B.
412 950 458 998 y.
507 933 536 992 ἓ
579 931 661 978 12;
700 939 787 989 τῆς
821 923 916 979 οὖν
948 929 1197 992 ὑμετέρας
1227 927 1490 988 εὐσεβείας
1521 929 1668 974 ἕνεκα
1703 926 1793 974 καὶ

195 1024 298 1067 ’τῶν
341 1018 520 1080 νόμων
566 1015 851 1081 ἀπάγοντες
897 1017 1201 1078 τιμωρεῖσθε
1235 1014 1411 1069 αὐτόν,
1451 1011 1608 1066 (καὶ)
1645 1012 1799 1061 αὐτοί

195 1123 247 1154 τε
273 1106 343 1165 μὴ
366 1103 688 1166 μεταλάβητε
719 1109 807 1162 τῆς
836 1102 1014 1150 τούτου
1046 1101 1270 1163 μιαρίας
1300 1099 1418 1147 cett.
1451 1099 1504 1146 et
1532 1099 1597 1149 Γ.
1616 1097 1795 1159 [1582

195 1189 392 1246 α’δίκως
444 1189 544 1251 μὲν
595 1187 692 1254 γάρ
745 1186 1042 1243 ἀπολυθείς,
1091 1184 1183 1234 διοὶ
1226 1186 1286 1233 τὸ
1328 1186 1399 1246 μὴ
1446 1183 1616 1247 ὀρθῶς
1661 1184 1799 1239 ὑμᾶς

197 1275 530 1339 διδαχθῆναι
587 1274 885 1339 α’πὸφὺγών,
937 1279 1025 1321 τοῦ
1073 1274 1143 1334 μὴ
1194 1269 1509 1328 διδάξαντος
1551 1258 1643 1318 καὶ
1699 1270 1800 1331 οὐχ

194 1363 437 1428 ὑμέτερον
466 1363 558 1410 τὸν
586 1362 961 1425 προςτρόπαιον
990 1365 1076 1408 τοῦ
1095 1357 1460 1412 ἀποθανόντος
1479 1359 1798 1415 καταστήσω,

196 1450 250 1498 et
293 1451 322 1510 g
366 1448 423 1496 9:
459 1448 602 1497 ταῦτ’
639 1441 732 1497 οὖν
765 1445 986 1503 εἰδότες,
1021 1445 1247 1493 τουτοισὶ
1281 1445 1340 1491 τὸ
1373 1443 1617 1504 ἀσέβημα
1652 1447 1801 1491 τοῦτο

200 1535 501 1590 ἀναθέντες,
538 1534 697 1582 αὐτοί
722 1552 773 1580 τε
807 1531 1040 1598 καθαροὶ
1068 1539 1157 1591 τῆς
1185 1530 1365 1586 αἰτίας
1391 1533 1601 1595 γένεσθε
1632 1529 1726 1586 ἐμέ
1749 1547 1799 1576 τε

204 1622 362 1676 ὁσίως
408 1619 500 1668 καὶ
548 1618 769 1674 δικαίως
814 1617 1065 1666 ἀπολύετε.
1116 1617 1279 1673 Quare
1330 1618 1382 1664 ct
1425 1615 1611 1663 iudices
1655 1629 1772 1662 eum
1789 1649 1801 1672 ,

203 1707 292 1770 qui
335 1705 499 1755 caedis
543 1705 801 1754 convictus
848 1705 949 1761 est,
996 1704 1172 1751 arcent
1186 1739 1198 1761 ‚
1244 1701 1377 1749 unde
1421 1699 1662 1749 arcendus
1699 1700 1804 1758 est,

205 1794 259 1842 et
303 1792 435 1855 ipse,
475 1790 568 1853 >qui
613 1790 816 1838 caedem
862 1789 1142 1847 commisit,
1179 1802 1280 1836 non
1316 1786 1544 1835 adeundo
1579 1800 1639 1834 ea
1671 1785 1807 1843 loca,

205 1892 258 1926 se
299 1877 405 1940 ipse
418 1913 430 1935 ,
465 1876 718 1938 quantum
753 1874 862 1922 fieri
896 1874 1064 1936 potest
1081 1909 1093 1932 ,
1127 1872 1327 1934 expiare
1363 1870 1578 1932 deosque
1612 1869 1810 1932 placare

205 1962 404 2021 studet3
440 1975 542 2024 qua
573 1960 634 2008 de
667 1974 722 2008 rc
755 1960 820 2018 iS,
856 1958 944 2021 qui
978 1958 1261 2006 orationem
1304 1957 1412 2020 περὶ
1444 1962 1533 2004 τοῦ
1568 1959 1811 2018 χορευτοῦ

207 2048 389 2096 habuit
403 2084 415 2107 ,
442 2046 613 2109 pulcre
641 2045 883 2093 disserens
914 2043 977 2091 ab
1007 2042 1325 2105 Antiphonte
1348 2041 1609 2089 inducitur
1629 2039 1700 2087 VI
1717 2041 1745 2099 ἓ
1763 2038 1809 2086 4.

270 2132 416 2181 Talia
432 2146 630 2180 mecum
649 2132 891 2193 reputans
907 2166 918 2188 ,
937 2129 1068 2176 hanc
1091 2142 1266 2176 censeo
1285 2127 1592 2175 sententiam
1611 2125 1812 2173 subesse

210 2219 441 2282 oportere
487 2216 651 2266 verbis
694 2214 966 2263 manifesto
1012 2213 1282 2275 corruptis:
1339 2212 1409 2270 „si
1451 2226 1566 2271 VOS,
1599 2210 1785 2258 iudices
1800 2246 1812 2268 ,

210 2304 370 2364 hunc,
413 2318 564 2366 quem
599 2303 740 2352 vobis
772 2302 827 2349 in
862 2301 1110 2348 iudicium
1145 2298 1358 2356 adduxi,
1393 2298 1616 2347 criminis
1650 2296 1812 2344 absol-

212 2389 367 2446 vetiS,
397 2390 510 2436 tum
540 2403 703 2450 neque
731 2402 894 2450 aequa
924 2387 976 2434 et
1005 2386 1143 2433 iusta
1171 2385 1397 2447 patietur
1415 2399 1554 2432 meus
1573 2382 1704 2430 filius
1719 2420 1731 2438 ,
1752 2410 1814 2416 -—

211 2489 334 2523 nam
350 2489 495 2523 reum
514 2472 819 2521 absolvendo
838 2471 1062 2519 efficietis
1077 2510 1089 2527 ‚
1107 2472 1169 2517 ut
1186 2484 1358 2518 omnes
1374 2469 1559 2531 putent
1573 2507 1584 2523 ‚
1602 2481 1817 2530 puerum

212 2575 304 2609 sua
346 2560 441 2608 sibi
486 2574 641 2606 manu
688 2559 907 2606 mortem
953 2555 1186 2603 intulisse
1235 2583 1297 2590 —
1346 2568 1438 2602 nec
1474 2552 1817 2601 adversarium

213 2644 491 2694 liberabitis
535 2643 734 2706 piaculo
750 2681 761 2698 ,
807 2657 907 2704 quo
956 2640 1228 2688 obstrictus
1267 2641 1492 2695 tenetur,
1528 2638 1570 2686 si
1603 2653 1706 2686 non
1741 2652 1818 2683 ar-

216 2730 415 2780 cebitur
463 2724 495 2776 a
526 2729 647 2777 locis
662 2767 673 2784 ,
710 2742 841 2790 quae
876 2727 923 2774 61
957 2725 1096 2773 adire
1130 2725 1206 2772 fas
1243 2738 1345 2771 non
1380 2726 1471 2772 est.
1523 2723 1792 2770 Praeterea
1806 2758 1818 2777 ,

215 2816 259 2864 si
306 2815 401 2862 hac
432 2814 629 2862 ratione
663 2812 826 2875 agetis
841 2847 852 2869 ‚
890 2811 1062 2859 divina
1087 2810 1205 2873 lege
1241 2809 1440 2858 sceleris
1474 2808 1731 2871 piaculum
1767 2806 1820 2853 in

216 2901 416 2948 vosmet
465 2899 596 2961 ipsos
630 2897 880 2946 redundet
913 2910 1111 2943 necesse
1149 2896 1250 2953 est;
1287 2895 1594 2956 quapropter
1626 2892 1679 2939 in
1712 2893 1823 2938 tam

217 2985 496 3048 periculosa
542 2998 595 3032 rc
611 3020 622 3038 ‚
667 2981 852 3045 nequid
886 2996 946 3028 ex
980 2995 1040 3028 ea
1072 2979 1214 3028 vobis
1251 2979 1373 3027 mali
1408 2977 1604 3027 accidat
1618 3015 1629 3034 ,
1666 2991 1820 3039 quarn
