2014 3412
1020 285 1081 333 28

941 439 1077 513 ΙΙΙ.
1113 465 1177 511 Β.

333 588 384 651 β.
422 590 449 648 g
485 588 528 636 5.
566 589 594 636 ὁ
627 587 683 635 δὲ
719 596 844 643 παῖς
877 590 1006 652 εἴπερ
1040 589 1197 644 ἑστὼς
1232 590 1451 653 φανερὸς
1485 590 1610 650 ὑμῖν
1644 590 1752 639 ἐστὶ
1777 592 1848 651 μὴ

263 673 504 734 βληθείς,
560 675 801 729 ἑκουσίως
856 672 1067 725 (δ’)ὑπὸ
1116 677 1205 732 τὴν
1254 674 1418 738 φοράν
1468 680 1556 724 τοῦ
1607 675 1848 724 ἀκοντίου

262 759 503 819 ὑπελθών,
539 760 614 807 ἔτι
643 763 961 824 σαφεστέρως
989 759 1227 819 δηλοῦται
1259 759 1348 808 διοὲ
1375 762 1463 818 τὴν
1494 761 1650 809 αὑτοῦ
1681 760 1841 824 ἁμαρ-

263 844 382 892 τίαν
428 845 737 894 ἆποθοινών·
779 847 839 894 ου’
872 846 970 910 γάρ
1003 846 1069 894 ἂν
1106 846 1301 907 ἐβλήθη
1335 846 1619 909 οἶτρεμίζων
1654 846 1748 894 καὶ
1778 847 1848 907 μὴ

263 929 568 994 διατρέχων.
622 930 742 978 Cum
778 931 1067 979 verborum:
1108 933 1134 979 ὁ
1171 929 1227 978 δὲ
1265 937 1390 986 παῖς
1414 931 1706 992 -βληθείς
1738 945 1847 979 sen-

263 1015 426 1063 tentia
453 1030 553 1062 non
582 1015 825 1063 iudicibus
855 1015 970 1063 solis
1001 1015 1267 1063 manifesta
1297 1015 1364 1062 sit
1379 1052 1390 1074 ,
1419 1015 1503 1063 sed
1531 1015 1698 1077 potius
1715 1015 1848 1063 inter

265 1114 462 1158 omnes,
507 1115 570 1148 ne
616 1099 899 1148 adversario
945 1100 1146 1161 quidem
1188 1101 1420 1162 except-o,
1456 1099 1516 1147 de
1551 1114 1635 1158 ea,
1669 1100 1848 1161 utpote

264 1185 392 1231 nulli
420 1185 622 1232 omnino
651 1185 800 1232 dubio
830 1185 1068 1243 obnoxia,
1096 1186 1322 1232 constare
1351 1183 1738 1246 praedicandum
1754 1183 1847 1242 sit,

263 1269 370 1316 iure
404 1269 703 1317 Iernstedtio
745 1270 1015 1326 „observat
1050 1269 1289 1331 Antiph.''
1326 1269 1388 1316 ad
1423 1268 1485 1315 ΙΙ.
1524 1287 1570 1332 γ.
1606 1269 1634 1327 ἓ
1670 1267 1697 1318 ’7
1733 1282 1845 1330 pag.

270 1353 355 1411 10,
390 1354 678 1415 scrupulum
713 1353 937 1401 iniecisse
971 1367 1143 1402 censeo
1185 1368 1461 1415 pronomen
1494 1354 1634 1415 ὑμῖν.
1685 1352 1848 1415 Aegre

267 1440 439 1486 autem
489 1438 623 1485 inter
668 1438 799 1485 colai
838 1438 994 1492 ἑστὼς
1039 1441 1259 1501 φανερός
1305 1439 1413 1486 ἔστι
1444 1424 1511 1498 μὴ
1544 1438 1761 1499 βληθείς
1795 1438 1848 1484 et

266 1524 505 1578 ἑκουσίως
550 1522 644 1571 ὑπὸ
685 1525 773 1581 τὴν
807 1523 973 1586 φοράν
1006 1530 1092 1571 τοῦ
1124 1523 1366 1571 ἀκοντίου
1400 1523 1631 1571 ὑπελθών
1664 1521 1847 1569 deside-

265 1611 408 1655 ratur
437 1608 703 1669 oppositi03
737 1608 1016 1656 sententiae
1046 1607 1349 1655 claudicanti
1369 1608 1585 1655 Blassius
1603 1607 1846 1654 hactenus

265 1693 543 1755 opitulatus
576 1694 678 1751 est,
713 1695 773 1740 ut
807 1682 920 1754 post
951 1693 1190 1748 ἑκουσίως
1210 1693 1447 1740 insereret
1463 1691 1763 1754 particulam
1781 1688 1844 1738 δ’.

264 1777 366 1839 Ego
402 1791 519 1824 vero
536 1813 547 1835 ,
582 1777 669 1838 qui
705 1777 979 1839 simplicem
1014 1778 1296 1825 huiusmodi
1332 1777 1720 1839 oppositionem,
1759 1788 1847 1836 per

265 1862 422 1909 solam
467 1861 767 1922 particulam
810 1859 855 1909 δ’
891 1861 1163 1909 indicatam
1180 1898 1192 1920 ,
1224 1877 1313 1923 pro
1347 1861 1444 1909 loci
1477 1855 1663 1908 natura
1693 1859 1846 1907 nimis

262 1946 515 1993 infirmam
559 1948 760 2007 putem,
807 1962 918 1994 eam
965 1946 1131 2008 potius
1179 1947 1434 2004 voculam,
1469 1960 1596 2007 quae
1631 1944 1846 1992 maxime

263 2031 586 2089 desideratur,
630 2035 743 2090 μέν,
787 2031 862 2079 ita
907 2032 1214 2079 restituerim
1231 2068 1242 2090 ‚
1287 2033 1347 2078 ut
1391 2028 1844 2078 simul'molestum

261 2116 386 2162 illud
419 2117 546 2177 υμῖν
579 2119 886 2164 amoveatur.
941 2116 1168 2177 Suspicor
1202 2116 1373 2178 igitur,
1404 2114 1704 2177 particulam
1729 2116 1843 2174 μέν,

264 2188 415 2247 semel
450 2201 683 2248 omissam
700 2237 711 2257 ,
747 2203 838 2248 aut
866 2201 918 2247 in
950 2201 1170 2262 margine
1200 2203 1290 2247 aut
1319 2216 1468 2262 supra
1497 2214 1600 2248 voc.
1623 2203 1844 2262 φανερός

261 2284 564 2347 adscriptam
607 2300 733 2344 esse,
776 2285 891 2333 hinc
935 2285 988 2332 in
1032 2287 1231 2332 textum
1275 2287 1526 2346 receptam
1578 2298 1680 2331 esse
1730 2284 1843 2345 post

264 2372 511 2432 φανερός,
540 2369 701 2416 alieno
730 2370 862 2427 loco,
893 2371 945 2417 et
974 2372 1095 2416 tunc
1124 2369 1174 2415 in
1206 2370 1331 2429 υμῖν
1361 2368 1560 2425 abiisse;
1594 2383 1692 2429 quo
1711 2367 1842 2415 facto

262 2454 417 2501 etiam
468 2454 628 2500 altera
678 2454 925 2514 particula
975 2452 1038 2501 δέ
1083 2454 1303 2501 evanuit.
1355 2453 1534 2513 Itaque
1582 2452 1843 2512 utriusque

261 2538 355 2586 viri
391 2538 663 2585 doctissimi
693 2538 1011 2599 explicationi
1042 2553 1121 2586 me
1148 2537 1429 2585 satisfacere
1457 2538 1580 2598 puto
1607 2536 1840 2598 legendo:

263 2623 291 2670 ὁ
332 2621 386 2669 δὲ
434 2631 555 2677 ποεῖς
598 2626 730 2686 εἴπερ
776 2623 930 2678 ἑστὼς
967 2621 1066 2683 μὲν
1100 2624 1319 2686 φανερός
1355 2623 1464 2669 ἐστι
1499 2623 1568 2682 μὴ
1601 2621 1842 2682 βληθείς,

265 2709 507 2762 ἑκουσίως
538 2705 652 2759 (δ’)
687 2723 733 2768 q.
756 2723 792 2754 s.

330 2795 357 2853 ἓ
387 2794 428 2841 9.
460 2792 662 2840 ἀπολύει
691 2791 744 2838 δὲ
774 2793 864 2839 καὶ
895 2793 921 2839 ὁ
952 2795 1113 2852 νόμος
1129 2795 1264 2853 ἡμᾶς
1283 2830 1290 2848 ,
1310 2787 1347 2839 ὦ
1367 2792 1606 2839 πιστεύων
1623 2793 1843 2856 εἳργοντι

262 2881 386 2938 μήτε
431 2876 622 2932 ἀδίκως
665 2882 786 2938 μήτε
831 2875 1047 2932 δικαίως
1092 2877 1425 2934 ἀποκτείνειν,
1475 2878 1543 2931 ὡς
1588 2879 1748 2937 φονέα
1783 2894 1844 2935 με

266 2960 450 3010 διώκει.
503 2962 608 3018 Quo
653 2962 842 3009 diutius
888 2962 1019 3010 hunc
1065 2962 1231 3011 locum
1267 2963 1500 3010 accurata
1534 2963 1702 3010 mente
1735 2975 1843 3024 per-
