2014 3412
1049 267 1108 314 96

284 406 420 439 mam
465 391 616 450 duco,
661 391 959 453 repetitione
975 428 987 452 ,
1023 393 1303 441 accuratius
1335 394 1586 456 quoddam
1621 397 1862 445 constitu-

281 477 395 523 tum
429 477 508 525 sit.

349 563 376 621 ἓ
406 560 481 608 65.
529 561 661 622 ἐμοὶ
686 560 785 622 μὲν
837 561 934 626 γοὲρ
980 568 1047 626 τῷ
1079 565 1150 625 μὴ
1185 563 1503 628 εἰργασμένῳ
1532 572 1773 615 τοσοῦτον
1805 567 1864 616 τὸ

282 650 611 710 μακρότατον
655 656 743 705 τῆς
777 647 1088 711 οέποκρίσεώς
1125 650 1294 704 ἐστιν,
1331 651 1410 697 ὅτι
1445 652 1537 698 οὐκ
1569 655 1863 716 εἴργασμαι.

282 739 350 795 τῷ
385 731 440 779 δὲ
475 736 740 791 ποιήσαντι
777 732 937 797 ῥᾳδία
973 734 1117 782 ἐστὶν
1153 738 1178 792 ἡ
1209 734 1494 791 ἀπόδειξις,
1527 737 1618 784 καὶ
1645 738 1714 797 μὴ
1744 736 1862 785 dno-

284 816 508 873 δείξαντι
541 812 592 865 εὖ
629 817 850 865 εἰκάσαι.
886 825 940 866 οἱ
969 818 1068 879 μὲν
1103 818 1201 883 γάρ
1236 827 1634 884 πανουργοῦντες
1669 821 1782 881 ἅμα
1815 840 1866 870 τε

283 909 627 967 πανουργοῦσι
663 904 751 951 καὶ
787 907 1050 966 πρόφασιν
1083 905 1370 968 εὑρίσκουσι
1405 910 1493 953 τοῦ
1528 903 1865 965 ἀδικήματος·

283 993 351 1051 τῷ
380 986 433 1035 δὲ
462 990 530 1050 μὴ
558 988 875 1053 εἰργασμένῳ
892 990 1119 1051 χαλεπὸν
1136 990 1248 1051 περὶ
1266 994 1368 1037 τῶν
1386 989 1604 1050 ἀφανῶν
1627 991 1861 1050 εἰκάζειν.

282 1073 389 1120 Etsi
431 1074 693 1122 universae
708 1110 719 1132 ,
769 1089 898 1136 quae
943 1074 1020 1122 his
1069 1075 1232 1123 verbis
1248 1112 1259 1134 ,
1295 1077 1374 1123 sat
1407 1075 1684 1124 difficilibus
1716 1075 1864 1124 intel-

280 1158 444 1217 lectu,
476 1159 634 1206 inesse
671 1159 819 1207 debet
838 1196 849 1217 ‚
885 1160 1167 1207 sententiae
1204 1160 1589 1222 explicationem
1623 1161 1864 1223 pulcram,

282 1258 508 1305 quaeque
541 1243 687 1291 facile
723 1243 943 1292 arrideat
964 1277 977 1302 ‚
1006 1244 1238 1306 praebuit
1265 1244 1653 1304 HerwerdenUS‚
1679 1245 1862 1294 Mnem.

282 1327 371 1387 XI,
408 1342 519 1390 pag.
559 1327 649 1374 216
665 1366 677 1384 ‚
712 1330 886 1375 tamen
921 1329 1053 1390 quod
1090 1328 1152 1375 ad
1187 1328 1383 1390 singula
1415 1330 1590 1389 verba,
1617 1330 1741 1377 mihi
1755 1344 1866 1392 per-

283 1412 481 1461 suaderi
512 1427 612 1460 non
641 1413 832 1473 potest,
863 1412 1032 1460 omnia
1060 1412 1163 1459 iam
1187 1427 1365 1460 vacare
1395 1413 1700 1461 difficultate.
1730 1413 1864 1462 Nam

283 1498 324 1544 si
369 1499 539 1545 orator
583 1497 731 1544 dicit:
783 1497 1004 1567 „sceleris
1050 1511 1166 1545 vero
1201 1497 1394 1545 auctori
1426 1497 1568 1546 facile
1600 1500 1678 1546 est
1709 1498 1761 1546 id
1792 1498 1864 1546 in-

282 1583 444 1630 dicare
476 1584 553 1640 et,
587 1582 628 1629 si
663 1596 763 1629 non
799 1582 1113 1640 indicaverit,
1151 1582 1423 1643 speciosam
1460 1598 1731 1644 proponere
1749 1597 1862 1631 con*-

280 1665 571 1725 iecturam''‚
607 1665 738 1713 male
769 1681 848 1714 me
877 1665 1027 1714 habet
1059 1666 1267 1714 verbum
1302 1666 1368 1723 „si
1403 1681 1504 1714 non
1521 1667 1863 1727 indicaverit‚''

279 1766 369 1813 pro
414 1765 513 1813 quo
546 1750 713 1812 potius
761 1752 1129 1812 exspectamus:
1182 1749 1249 1807 „si
1294 1750 1512 1799 indicare
1557 1767 1657 1800 non
1701 1751 1861 1801 vult.''

279 1835 413 1883 Nam
446 1836 582 1883 recte
616 1835 876 1896 sequentia
910 1836 1141 1893 monent,
1172 1834 1516 1884 malefactores
1543 1836 1716 1885 eodem
1732 1839 1860 1885 tcm-

279 1936 397 1982 pore
412 1957 423 1979 ,
458 1935 556 1982 quo
587 1919 744 1967 scelus
779 1919 947 1967 animo
982 1919 1265 1981 concipiant
1298 1920 1452 1968 etiam
1487 1922 1700 1983 reperire
1714 1958 1726 1982 ,
1760 1938 1860 1985 quo

278 2007 425 2066 pacto
469 2004 700 2051 futurum
745 2004 902 2051 scelus
949 2004 1023 2051 ita
1058 2004 1307 2065 explicent
1324 2041 1335 2063 ,
1383 2007 1443 2052 ut
1488 2021 1518 2052 a
1551 2009 1709 2055 semet
1741 2007 1859 2070 ipsis

278 2090 514 2138 avertant
557 2088 897 2149 suspicionem.
945 2088 1159 2136 Possunt
1202 2089 1358 2151 igitur
1405 2090 1496 2137 aut
1533 2084 1692 2140 scelus
1727 2106 1859 2140 com-

279 2174 491 2221 missum
541 2173 784 2232 indicare,
837 2175 926 2220 aut
942 2209 953 2231 ‚
1003 2173 1045 2220 si
1092 2189 1192 2221 non
1236 2174 1503 2222 indicaturi
1547 2178 1692 2232 sunt,
1724 2178 1859 2225 certe

280 2259 550 2321 speciosam
595 2258 654 2305 de
701 2273 758 2305 eo
803 2272 1077 2319 proponere
1110 2259 1463 2307 coniecturam.
1500 2260 1627 2316 Quid
1662 2261 1857 2309 multa&

279 2343 687 2391 Scribendumne:
725 2343 815 2390 καὶ
848 2345 916 2404 μὴ
951 2343 1301 2401 ἀποδείξοντιῖ

343 2429 403 2476 111
446 2428 862 2489 subsequentibus
898 2430 1169 2478 articulum
1206 2432 1264 2478 τό
1300 2432 1418 2478 ante
1452 2424 1504 2479 εὖ
1537 2431 1741 2480 εἰκάσαι
1776 2433 1857 2481 de-

278 2514 436 2562 sidero
451 2551 462 2572 ‚
513 2513 682 2560 abesse
728 2515 900 2561 autem
947 2515 1121 2561 malim
1157 2515 1383 2563 voculam
1418 2509 1471 2564 εῧ
1505 2518 1624 2565 ante
1656 2517 1859 2566 εἰκάσαι

279 2599 517 2645 additam.
562 2597 694 2644 Nam
741 2599 834 2645 etsi
868 2599 1178 2647 concedimus
1194 2637 1205 2659 ‚
1241 2615 1354 2647 eum
1369 2636 1381 2659 ,
1414 2601 1500 2661 qui
1535 2602 1691 2650 scelus
1725 2617 1856 2651 com-

279 2684 518 2731 missurus
563 2682 654 2741 sit,
699 2682 842 2730 facile
889 2685 1079 2746 aliquid
1123 2685 1429 2733 comminisci
1472 2701 1640 2747 posse,
1673 2703 1772 2749 quo
1805 2703 1857 2735 se

279 2770 479 2830 postea,
529 2781 673 2814 reum
723 2766 942 2827 factum,
989 2769 1195 2817 crimine
1241 2770 1513 2831 purgatum
1557 2771 1621 2818 iri
1665 2773 1856 2834 speret,

278 2855 449 2900 tamen
494 2851 709 2898 nimium
743 2854 817 2899 est
853 2852 1038 2913 dicere,
1074 2853 1217 2900 facile
1252 2868 1385 2912 esse,
1419 2854 1602 2902 bonam
1634 2856 1667 2903 i.
1701 2871 1741 2904 e.
1777 2855 1857 2903 cui

279 2953 449 2986 omnes
511 2928 740 2996 credant,
787 2953 1064 3000 proponere
1110 2939 1461 2987 coniecturam.
1514 2940 1688 3004 Neque
1738 2941 1855 2988 talis
