2014 3412
996 306 1058 354 53

223 433 327 499 χίᾳ
369 433 430 482 ὃν
462 433 556 481 οὐκ
589 433 768 493 ἢθελεν
802 433 1108 482 ἀπέκτεινεν.
1155 433 1294 482 Num
1327 435 1694 498 interponenda
1730 440 1826 487 erit

222 519 475 583 particula,
509 521 611 567 καί
638 520 831 570 verbis:
866 514 894 569 ὁ
930 519 985 568 δὲ
1022 522 1075 568 et
1107 519 1294 581 μείζωῖ

289 604 381 668 §5-
412 607 509 654 ὑπὸ
542 604 598 654 δὲ
627 612 716 654 τοῦ
741 606 917 670 ἰατροῦ
948 606 1164 668 φάσκων
1194 607 1350 655 αὐτὸν
1376 606 1680 664 ἀποθανεῖν,
1702 611 1826 663 (οὐ)

225 690 479 752 θαυμάζω
512 691 594 740 ὅτι
628 692 715 754 ὑφ’
753 695 900 754 ἡμῶν
935 697 1037 740 τῷν
1066 692 1570 755 συμβουλευσάντων
1599 695 1824 758 ἐπιτρεφ-

224 778 391 836 θῆναί
421 795 580 838 φησιν
615 779 774 826 αὐτὸν
810 777 1188 843 διαφθαρῆναι.
1227 779 1320 827 καὶ
1350 779 1449 843 γάρ
1479 780 1547 828 ἂν
1575 780 1628 828 εἰ
1645 782 1716 840 μὴ
1745 781 1825 828 ἐπ-

221 867 534 929 ετρέψαμεν,
570 864 651 913 ’ὑπ’
687 863 998 928 άθεραπείας
1027 865 1094 913 ἂν
1130 866 1224 926 ἔφη
1254 864 1624 931 διαφθαρῆναι
1647 867 1822 915 αὐτόν.

223 949 279 997 εἰ
315 947 380 998 δέ
412 969 490 999 τοι
526 951 617 999 καὶ
651 951 748 999 ὑπὸ
786 958 871 1000 τοῦ
909 951 1087 1016 ἰατροῦ
1122 951 1412 1011 ἀπέθανεν,
1450 953 1478 1001 ὁ
1511 951 1612 1014 μὲν
1649 952 1826 1016 ἰατρὸς

221 1036 283 1085 ου’
326 1037 508 1098 φονεὺς
547 1039 703 1086 αυτοῦ
740 1037 880 1087 ἐστίν
918 1067 976 1073 -
1015 1039 1043 1086 ὁ
1077 1039 1174 1102 γάρ
1210 1044 1375 1098 νόμος
1411 1039 1615 1088 ἀπολύει
1650 1040 1826 1099 αὐτόν,

221 1121 314 1171 διά
365 1121 422 1172 δὲ
469 1123 562 1180 τας
609 1125 786 1173 τούτου
832 1124 1026 1189 πληγάς
1069 1125 1450 1189 ἐπιτρεψάντων
1482 1129 1625 1186 ημῶν
1660 1126 1824 1189 αυτῷ,

221 1214 330 1265 πῶς
362 1209 431 1258 ἂν
462 1209 616 1265 ἄλλος
649 1228 730 1266 τις
765 1213 794 1270 ἢ
830 1211 855 1258 ὁ
893 1210 1223 1273 βιασάμενος
1252 1215 1388 1272 ἡμᾶς
1418 1215 1656 1275 χρῆσθαι
1687 1212 1825 1276 αὐτῷ

221 1296 404 1357 φονεὺς
447 1299 519 1354 εἴη
564 1295 654 1355 ἄνς
703 1295 831 1344 Cum
876 1296 930 1343 in
970 1297 1120 1345 huius
1154 1298 1251 1347 loci
1285 1298 1432 1347 initio
1469 1298 1657 1347 codices
1693 1298 1828 1347 inter

218 1395 272 1430 se
315 1381 622 1445 discrepent,
664 1397 785 1429 nam
820 1396 950 1444 quae
984 1382 1038 1429 in
1073 1382 1241 1431 codice
1276 1382 1324 1431 N
1359 1386 1474 1446 post
1509 1384 1662 1432 verba
1699 1387 1826 1432 θαυ-

221 1469 369 1530 μάζω
402 1467 484 1516 ὅτι
519 1469 687 1516 exstat
720 1468 922 1530 negatio
949 1469 1010 1516 ov'
1009 1487 1052 1530 χ
1082 1484 1112 1515 a
1141 1469 1306 1516 codice
1333 1468 1376 1516 A
1410 1469 1578 1528 abest,
1608 1469 1827 1517 Blassius

224 1554 490 1616 utriusque
516 1553 634 1602 libri
662 1553 930 1602 lectionem
959 1553 1188 1602 deserens
1203 1591 1215 1613 ,
1243 1554 1526 1617 Hirschigio
1557 1555 1826 1614 consentit,

225 1639 314 1703 qui
360 1639 600 1699 conlatis,
647 1654 776 1701 quae
811 1639 869 1700 β.
907 1638 1000 1700 §4-
1037 1639 1098 1688 de
1132 1640 1227 1687 hac
1260 1655 1315 1688 re
1351 1640 1414 1688 ab
1449 1642 1683 1688 accusato
1717 1655 1826 1703 pro-

224 1724 484 1784 feruntur,
539 1724 862 1788 negationem
912 1725 1081 1787 potius
1132 1728 1252 1774 ante
1305 1726 1517 1775 verbum
1570 1727 1827 1789 θαυμάζω

224 1811 507 1876 ponendam
541 1812 725 1860 censet.
761 1810 858 1870 At,
895 1812 956 1858 ut
987 1813 1039 1859 et
1069 1811 1190 1874 ipsi,
1222 1827 1346 1859 num
1374 1826 1550 1861 revera,
1577 1813 1609 1859 1.
1630 1814 1662 1860 l.
1689 1795 1828 1872 ulla,

224 1911 313 1946 cur
354 1897 431 1945 ita
474 1896 718 1945 faciamus
764 1896 894 1943 adsit
942 1911 1092 1944 causa
1107 1934 1119 1956 ,
1154 1897 1512 1957 diiudicemuS,
1543 1899 1829 1947 accuratius

224 1983 328 2030 iam
360 1982 710 2045 inspiciamuS,
739 1996 869 2043 quae
897 1996 1013 2030 reus
1043 1981 1167 2030 facit
1195 1983 1370 2031 verba:
1404 1987 1500 2031 νῦν
1530 1981 1586 2031 δὲ
1617 1984 1828 2040 πολλαῖς

223 2070 443 2133 ἡμέραις
491 2069 701 2130 ὕστερον
745 2072 998 2131 μοχθηρῷ
1044 2067 1202 2132 ἰατρῷ
1251 2070 1572 2134 ἐπιτρεφθείς
1610 2068 1703 2119 δια
1738 2074 1827 2130 τὴν

224 2161 315 2204 τοῦ
349 2154 527 2219 ἰατροῦ
560 2153 867 2218 μοχθηρίαν
901 2155 994 2202 καὶ
1024 2155 1086 2203 ου’
1114 2153 1205 2203 διά
1233 2155 1326 2211 τας
1359 2157 1550 2222 πληγάς
1579 2156 1823 2207 ἀπέθανε.

224 2240 564 2306 προλεγόντων
614 2241 714 2306 γάρ
756 2241 892 2304 αὐτῷ
934 2246 1037 2289 τῶν
1084 2240 1244 2290 ἄλλων
1289 2242 1507 2306 ἰατρῶν,
1556 2244 1607 2292 εἰ
1633 2246 1823 2303 ταύτην

223 2329 314 2387 τὴν
342 2328 620 2392 θεραπείαν
649 2329 1039 2391 θεραπεύσοιτο,
1070 2328 1154 2377 ὅτι
1185 2328 1400 2390 ἰάσιμος
1429 2331 1501 2378 ὢν
1527 2328 1823 2394 διαφθαρη-

224 2430 389 2471 σοιτο,
424 2412 492 2460 δι’
516 2413 656 2471 ὑμᾶς
684 2414 803 2469 τους
834 2414 1166 2474 συμβούλους
1195 2413 1510 2480 διαφθαρείς
1527 2450 1541 2476 ,
1563 2417 1678 2477 ἐμοὶ
1702 2416 1821 2465 οἶνό-

224 2516 341 2548 σιον
387 2499 614 2564 ἔγκλημα
651 2500 986 2563 προσέβαλεν.
1034 2500 1168 2548 Reus
1202 2500 1362 2563 igitur
1395 2517 1453 2550 eo
1490 2503 1570 2550 vel
1605 2502 1826 2551 maxime

222 2589 492 2650 gravatur,
525 2586 660 2648 quod
693 2586 966 2635 adversarii
1000 2601 1193 2645 senem,
1230 2587 1310 2634 cui
1344 2587 1730 2650 diligentissima
1761 2589 1825 2636 ad

223 2673 446 2722 sananda
489 2673 579 2720 illa
622 2673 675 2720 in
720 2672 996 2721 certamine
1036 2672 1182 2720 illata
1229 2673 1440 2722 vulnera.
1486 2689 1610 2737 opus
1645 2675 1824 2724 fuisset

223 2759 506 2817 curatione,
569 2773 724 2821 pravo
784 2758 1047 2820 malaeque
1097 2760 1249 2806 notae
1301 2759 1493 2808 medico
1544 2761 1824 2808 curandum

221 2843 539 2894 tradiderint.
590 2844 717 2900 Quid
770 2844 962 2891 factum
1014 2844 1295 2905 oportuerit
1310 2882 1321 2904 ,
1370 2845 1593 2893 indicant
1641 2846 1795 2893 verba
1810 2883 1822 2905 ‚

221 2929 431 2993 quibus»,
464 2929 585 2991 quid
620 2929 752 2977 male
787 2929 996 2977 fecerint
1012 2965 1024 2987 ,
1060 2928 1131 2976 eis
1160 2931 1280 2977 ante
1309 2930 1478 2978 oculos
1506 2931 1675 2992 ponit:
1709 2931 1822 2979 πολ-

221 3016 338 3072 λαῖς
372 3018 588 3079 ἡμέραις
621 3017 831 3079 ὕστερον
866 3043 921 3049 —
951 3018 1205 3079 μοχθηρῷ
1234 3014 1391 3079 ἰατρῷ
1422 3016 1741 3080 ε’πιτρεφθείς
1761 3047 1823 3052 ——
