2014 3412
977 289 1038 338 79

207 421 423 464 κτεῖναι.
468 414 791 474 Jernstedtii,
836 415 944 463 loco
990 414 1301 477 pronominis
1337 414 1497 462 αὐτόν
1530 414 1583 461 in
1612 415 1805 462 verbis:

209 497 398 548 ἐνθάδε
433 502 766 564 παρέχοντας
795 501 886 548 τὸν
915 501 1140 559 μηνυτὴν
1169 498 1324 547 αὐτὸν
1354 498 1659 562 ἀπελέγχειν
1694 500 1806 559 ἐμέ,

204 585 528 647 proponentis
575 587 760 642 οὕτως,
807 586 1095 633 coniectura
1129 599 1187 632 eo
1221 584 1323 631 iam
1358 584 1609 632 refellitur
1623 621 1635 643 ,
1673 585 1805 646 quod

204 684 309 718 voc.
346 672 507 726 οὕτως
543 671 755 719 eandem
791 670 1010 718 efficeret
1035 669 1371 727 sententiam,
1389 685 1543 730 quam
1562 670 1805 731 praebent

204 767 345 817 seqq:
383 756 518 817 (καὶ)
553 756 692 818 αὐτῷ
725 758 885 819 τούτῳ
916 757 1173 817 (χρῆσθαι
1191 753 1544 818 ἀγωνίσματι)
1562 791 1573 812 ,
1595 755 1626 801 i.
1648 769 1688 802 e.
1710 756 1803 815 (et)

202 839 311 902 ipsa
351 840 446 888 hac
491 855 546 888 re
591 843 700 902 (pro
747 842 1049 902 argumento
1094 839 1208 900 uti).
1257 838 1492 886 Ceterum
1527 853 1803 900 pronomen

203 924 341 988 αὐτῷ
387 926 547 988 τούτῳ
592 927 817 986 spectare
865 924 956 971 ad:
995 922 1182 972 ἐνθάδε
1219 927 1554 987 παρέχοντας
1588 925 1680 971 τὸν
1713 943 1804 984 μη-

199 1011 356 1068 νυτὴν
413 1011 574 1058 αὐτὸν
622 1009 922 1073 ἀπελέγχειν
969 1009 1063 1068 έμέ
1104 1009 1179 1056 ita
1210 1011 1298 1078 ‘est
1345 1009 1694 1071 perspicuum,
1739 1010 1800 1056 ut

200 1109 292 1157 ego
334 1096 427 1142 aut
470 1094 618 1143 valde
662 1094 837 1148 fallar,
886 1098 978 1141 aut
1020 1094 1130 1141 iure
1179 1093 1483 1155 Antiphonti
1517 1093 1799 1142 abiudicem

199 1179 460 1242 sequentia
494 1181 697 1241 ἐμφανῆ
734 1183 1064 1241 παρέχοντας
1098 1180 1191 1227 τὸν
1208 1177 1377 1242 ἄνδρα
1397 1179 1488 1227 καὶ
1508 1179 1801 1234 κελεύοντας

199 1264 528 1325 βασανίζειν.
574 1265 652 1314 Ab
687 1265 921 1314 omnibus
956 1265 1164 1327 quidem
1198 1265 1317 1312 viris
1352 1265 1535 1323 doctis,
1572 1265 1659 1326 qui
1697 1265 1799 1312 An-

196 1350 420 1413 tiphonti
470 1351 672 1414 ingenio
725 1352 774 1398 et
828 1351 1001 1398 labore
1055 1365 1144 1398 suo
1179 1350 1437 1412 hucusque
1472 1350 1772 1413 profuerunt
1788 1387 1799 1408 ‚

199 1436 356 1485 verba
388 1435 479 1483 illa
512 1436 710 1499 integra
747 1440 799 1484 et
833 1436 1028 1484 intacta
1061 1436 1238 1484 relicta
1272 1438 1392 1483 sunt
1407 1472 1418 1494 ,
1455 1436 1540 1483 sed
1569 1436 1632 1484 ob
1650 1435 1800 1482 nimis

200 1521 468 1570 molestam
502 1525 554 1570 et
587 1522 778 1569 nudam
794 1558 805 1580 ‚
835 1537 989 1583 quam
1018 1521 1280 1569 continent
1309 1536 1483 1569 eorum
1499 1558 1511 1581 ,
1542 1536 1671 1583 quae
1694 1522 1799 1568 iam

199 1607 337 1656 dicta
381 1609 528 1667 sunt,
568 1608 946 1670 repetitionem,
983 1607 1216 1669 equidem
1251 1622 1350 1654 non
1387 1607 1564 1654 dubito
1598 1622 1657 1655 ea
1689 1606 1799 1654 red-

199 1694 316 1743 dere
357 1694 648 1758 ‘magistello
664 1730 676 1752 ,
722 1694 809 1756 qui
855 1709 943 1756 per
988 1693 1110 1741 haec
1150 1693 1329 1752 verba,
1362 1693 1417 1740 in
1452 1692 1678 1754 margine
1711 1707 1798 1754 po-

199 1779 324 1838 sita,
358 1779 745 1842 explicationem
761 1815 773 1838 ,
807 1794 908 1840 qua
941 1793 1066 1840 opus
1100 1778 1342 1839 putabat,
1375 1777 1603 1839 praeberi
1639 1776 1801 1825 voluit

197 1864 478 1914 vocabulis:
519 1865 657 1926 αὐτῷ
691 1865 861 1927 τούτῳ.

265 1948 390 2010 537.
428 1953 546 2004 τους
585 1947 641 1997 δὲ
676 1952 950 2013 προτέρους
984 1948 1171 2012 λόγους
1205 1948 1323 2004 τοὺς
1358 1951 1799 2009 κατεψευσμένους

199 2030 330 2094 ἦσαν
373 2042 429 2083 οἱ
464 2035 809 2092 ἅφανιοῦντες
844 2037 969 2083 ὥστε
1002 2033 1250 2095 μηδέποτε
1284 2034 1359 2089 εἰς
1394 2035 1451 2081 τὸ
1486 2032 1674 2092 ἀληθὲς
1709 2050 1795 2080 κα-

198 2130 468 2180 ταστῆναι.
515 2122 623 2180 Ita,
669 2123 729 2168 ut
774 2121 975 2183 opinor,
1011 2121 1146 2168 inter
1179 2135 1352 2168 omnes
1387 2122 1610 2179 constat,
1646 2120 1799 2168 verba

198 2223 235 2254 a·
264 2222 347 2256 me
381 2207 540 2256 citata
572 2207 758 2255 vitium
792 2206 925 2254 alere
940 2243 952 2265 ,
986 2208 1047 2253 ut
1074 2205 1124 2252 id
1153 2205 1435 2253 accuratius
1453 2205 1797 2253 demonstrare

198 2292 550 2355 supersedens,
600 2291 722 2339 satis
774 2291 987 2339 habeam
1034 2305 1314 2339 memorare
1376 2289 1770 2342 Herwerdenum
1786 2326 1798 2349 ,

198 2380 472 2440 praeeunte
508 2377 724 2439 Sauppio
741 2413 753 2435 ,
788 2376 884 2424 sibi
912 2375 1242 2437 Antiphontis
1272 2390 1483 2422 manum
1502 2390 1797 2437 recuperare

198 2462 358 2512 videri
412 2463 643 2526 legendo:
693 2462 811 2517 τους
858 2460 914 2509 δὲ
957 2464 1228 2524 προτέρους
1280 2461 1464 2524 λόγους
1498 2461 1616 2516 τοὺς
1653 2479 1795 2510 κατε-

199 2553 515 2611 Ψευσμένους
575 2549 699 2597 ὥστε
747 2546 989 2609 μηδέποτ’
1042 2548 1116 2602 εἰς
1168 2546 1387 2605 τάληθὲς
1442 2556 1763 2607 καταστῆναι
1783 2583 1799 2607 ,

197 2631 334 2695 ᾖσαν
366 2641 422 2683 οἱ
453 2633 796 2695 ἀφανιοῦντες
830 2634 1074 2691 (αὐτόν).
1114 2633 1251 2680 Licet
1286 2633 1518 2694 equidem
1553 2649 1653 2682 non
1684 2634 1795 2681 infi-

197 2721 296 2769 tier
320 2757 332 2780 ,
377 2720 534 2769 verba
578 2720 654 2768 ita
697 2719 829 2768 lecta
876 2719 1056 2767 melius
1104 2733 1154 2765 se
1196 2717 1406 2777 habere,
1442 2734 1595 2780 quam
1631 2734 1731 2780 quo
1765 2734 1796 2766 a

199 2806 448 2856 codicibus
482 2804 674 2852 tradita
703 2805 806 2852 sint
836 2804 1008 2852 ordine
1024 2840 1035 2862 ,
1063 2805 1240 2851 tamen
1258 2802 1384 2849 mihi
1401 2802 1795 2865 haudquaquam

198 2891 485 2955 persuaderi
518 2892 708 2952 potest,
743 2889 1109 2951 Antiphontem
1144 2887 1446 2949 pendentem
1478 2887 1648 2935 fecisse
1678 2887 1792 2935 Infi-

522 2978 541 2992 (r

199 2977 446 3027 nitivum:
508 2994 632 3024 ωστε
693 2973 934 3036 μηδέποτ’
995 2973 1069 3028 εἰς
1111 2972 1338 3031 ’τάληθὲς
1391 2981 1710 3033 καταστῆναι
1764 2988 1795 3020 a
