2014 3412
968 323 1028 374 57

206 445 395 496 sentire
444 446 732 495 dubitarem
747 487 758 506 ,
811 447 908 496 nisi
959 448 1010 496 id
1062 463 1144 497 me
1194 449 1437 497 retineret
1451 486 1463 509 ,
1507 451 1641 512 quod
1692 466 1808 511 nec,

205 531 341 582 unde
371 532 622 595 particula
654 552 706 581 τε
739 533 910 582 invehi
942 534 1168 596 potuerit
1198 535 1321 582 satis
1347 535 1617 597 perspicio,
1638 537 1690 584 et
1707 551 1808 584 me-

205 618 370 667 moria
414 619 563 667 teneo
579 655 592 678 ‚
638 618 1008 681 Antiphontem
1042 619 1345 681 particulam
1381 620 1448 679 εἰ,
1486 620 1528 667 si
1562 620 1639 679 id,
1675 621 1810 683 quod

205 702 460 766 sequitur,
494 703 666 766 procul
703 703 771 752 sit
804 704 956 752 dubio
991 719 1083 752 nec
1116 719 1147 750 a
1181 719 1437 767 quoquam
1472 707 1810 768 oppugnetur,

205 787 380 836 addita
420 788 639 851 quadam
684 789 862 838 vocula
898 789 1220 837 corroborare
1254 791 1306 838 et
1340 790 1601 839 intendere
1636 791 1807 839 solere.

206 871 397 921 Idcirco
430 873 524 921 hoc
559 888 757 936 quoque
791 874 900 922 loco
928 874 983 921 in
1012 888 1128 922 eum
1158 874 1310 923 finem
1327 875 1631 937 particulam
1650 891 1808 938 quan-

205 957 324 1005 dam
367 957 619 1006 adiectam
654 958 807 1008 fuisse
842 959 1050 1008 voculae
1084 965 1133 1008 εἰ
1164 975 1318 1022 quam
1355 961 1575 1009 maxime
1608 976 1809 1023 persua-

205 1058 320 1092 sum
364 1043 524 1092 habeo
541 1081 553 1103 ,
588 1045 642 1092 et
675 1058 790 1092 cum
826 1045 1105 1107 perpendo,
1143 1045 1386 1107 quidnam
1422 1045 1685 1108 aptissime
1721 1061 1810 1108 pro

205 1129 294 1178 illo
339 1148 390 1178 τε
435 1129 609 1192 reponi
642 1132 824 1192 queat,
858 1130 986 1178 nihil
1020 1131 1200 1179 melius
1235 1131 1403 1193 placet
1417 1168 1429 1190 ,
1464 1146 1618 1193 quam
1651 1131 1811 1194 parti-

205 1215 320 1264 cula
369 1233 484 1280 περ,
534 1230 664 1278 quae
712 1215 948 1278 perfacile
993 1218 1113 1265 ante
1161 1216 1260 1281 γάρ
1306 1217 1360 1264 in
1394 1210 1473 1277 id,
1508 1217 1641 1279 quod
1677 1233 1812 1266 nunc

204 1299 323 1348 libri
355 1300 609 1360 exhibent,
640 1301 894 1364 corrumpi
928 1303 1113 1364 potuit.
1149 1302 1322 1365 thue
1350 1303 1518 1351 videas
1549 1303 1679 1351 hanc
1698 1319 1810 1366 par-

205 1386 418 1435 ticulam
469 1388 522 1434 et
571 1387 693 1435 alibi
743 1388 797 1434 in
849 1387 1180 1450 Antiphontis
1225 1388 1449 1450 reliquiis
1496 1403 1553 1437 eo
1604 1404 1812 1438 munere

205 1468 376 1535 fungi,
411 1471 634 1521 conferas
669 1487 853 1535 quaeso
889 1472 979 1520 ΙΙΙ.
1015 1474 1073 1534 β.
1105 1473 1204 1534 ἓὸε
1237 1475 1265 1522 ὁ
1284 1471 1339 1522 δὲ
1360 1481 1485 1531 παῖς
1502 1476 1632 1539 εἴπερ
1653 1475 1810 1531 ἑστὼς

208 1557 434 1623 φανερὸς
465 1559 593 1621 ὑμῖν
627 1559 738 1607 ἐστὶ
770 1560 839 1619 μὴ
875 1559 1114 1620 βληθείς,
1155 1560 1400 1616 ἑκουσίως
1435 1560 1551 1614 (δ’)
1588 1562 1685 1609 ὑπὸ
1719 1563 1811 1620 τὴν

206 1644 376 1707 φοράν
412 1652 498 1695 τοῦ
533 1645 777 1695 ἀκοντίου
811 1646 1070 1705 ὑπελθών,
1107 1646 1181 1694 ἔτι
1217 1652 1544 1714 σαφεστέρους
1572 1645 1812 1706 δηλοῦται

207 1729 299 1780 δια
335 1734 423 1791 τὴν
455 1733 615 1781 αὑτοῦ
650 1732 915 1797 ἁμαρτιὶὲν
949 1732 1247 1782 ἀποθανών.
1285 1733 1344 1782 V.
1382 1735 1518 1794 §482
1554 1737 1686 1798 εἴπερ
1713 1735 1812 1800 γάρ

206 1818 300 1867 καὶ
327 1827 610 1883 μαρτυρεῖν
645 1819 809 1876 ἔξεστι
844 1817 1003 1882 δούλῳ
1037 1819 1174 1868 κατοὶ
1207 1827 1295 1869 τοῦ
1326 1821 1582 1885 ἐλευθέρου
1609 1822 1701 1870 τὸν
1720 1825 1811 1883 φό-

206 1921 327 1962 νον,
379 1905 474 1954 καὶ
530 1910 599 1969 τῷ
644 1903 877 1970 δεσπότῃ,
927 1906 996 1954 ἂν
1041 1904 1187 1967 δοκῇ,
1236 1906 1523 1963 ἐπεξελθεῖν
1569 1908 1691 1970 ὑπὲρ
1724 1914 1812 1956 τοῦ

207 1989 422 2050 δούλου,
471 1992 564 2039 καὶ
611 1994 639 2051 ἡ
688 1999 857 2053 ψῆφος
901 1994 1016 2040 ἴσον
1062 1991 1286 2041 δύναται
1333 1998 1402 2056 τῷ
1453 1991 1634 2042 δοῦλον
1684 1993 1813 2041 ἀπο-

209 2077 474 2127 κτείναντι
516 2079 606 2126 καὶ
641 2084 710 2142 τῷ
745 2079 1036 2144 ἐλεύθερον,
1071 2080 1211 2135 εἰκός
1246 2098 1326 2127 τοι
1356 2080 1449 2128 καὶ
1478 2089 1650 2141 ψῆφον
1679 2083 1812 2145 γενέ-

211 2168 343 2213 σθαι
390 2166 500 2230 περὶ
535 2165 692 2215 αὐτοῦ
727 2162 814 2226 ἦν,
851 2167 941 2214 καὶ
976 2167 1045 2227 μὴ
1081 2166 1295 2230 ἄκριτον
1330 2166 1621 2216 οέποθανεῖν
1656 2167 1812 2215 αὐτὸν

209 2249 292 2312 ὑφ’
325 2252 485 2311 ὑμῶν.
539 2250 599 2300 V.
653 2253 682 2312 ἓ
718 2251 801 2299 51;
855 2252 947 2300 καὶ
992 2251 1091 2312 μὲν
1137 2250 1196 2310 δὴ
1230 2252 1294 2300 τοὶ
1329 2253 1382 2310 ἐξ
1416 2255 1527 2302 ἴσου
1563 2258 1813 2318 γενόμενα

209 2338 400 2402 (πρὸς)
452 2343 542 2386 τοῦ
591 2340 871 2403 φεύγοντος
914 2339 1024 2387 ἐστι
1068 2339 1268 2400 μᾶλλον
1314 2343 1341 2399 ἢ
1377 2346 1463 2389 τοῦ
1499 2338 1812 2398 διώκοντος,

208 2427 343 2489 εἴπερ
389 2442 444 2489 γε
477 2425 572 2474 καὶ
606 2428 712 2474 τῶν
751 2432 934 2486 ψήφων
971 2426 1000 2474 ὁ
1034 2425 1266 2490 ἅριθμὸς
1301 2426 1354 2483 ἐξ
1391 2428 1503 2474 ἴσου
1539 2429 1813 2491 γενόμενος

211 2511 302 2560 τὸν
335 2512 590 2577 φεύγοντα
625 2511 825 2574 μᾶλλον
860 2513 1044 2573 ὠφελεῖ
1071 2515 1098 2571 ἧ
1134 2513 1225 2561 τὸν
1260 2511 1535 2562 διώκοντα.
1576 2512 1811 2560 Conse-ras

211 2597 395 2657 etiam,
429 2613 558 2660 quae
593 2598 653 2647 de
682 2598 775 2647 hac
804 2598 1055 2661 particula
1072 2598 1309 2646 disseruit
1328 2598 1642 2647 Wetzellius:
1668 2597 1813 2655 „Pro-

212 2697 411 2746 gramm
456 2682 542 2732 des
577 2684 900 2747 gymnasium
942 2683 1398 2742 „Fridericianum”
1434 2699 1495 2731 zu
1528 2682 1811 2731 Laubach.''

211 2767 489 2817 Franksurt
523 2769 635 2821 alM.
688 2769 812 2821 1879
847 2785 959 2832 pag.
999 2769 1058 2816 25
1091 2784 1191 2832 seq.

280 2853 513 2903 Ceterum
551 2857 839 2903 memoratu
874 2855 1083 2918 dignum
1115 2856 1240 2918 puto
1258 2892 1270 2914 ,
1299 2855 1421 2904 duos
1452 2855 1613 2911 virOS,
1635 2869 1817 2917 eosque

213 2939 275 2989 de
323 2938 652 3002 Antiphontis
699 2941 1012 2989 orationibus
1059 2940 1249 3003 optime
1288 2941 1493 2990 meritos
1510 2978 1521 3000 ,
1556 2940 1817 2989 Reiskium

215 3027 268 3074 et
301 3025 587 3089 Kayserum
625 3025 736 3074 dico
755 3064 766 3083 ‚
803 3024 926 3074 adeo
962 3026 1266 3075 consensisse
1300 3026 1361 3074 de
1394 3026 1489 3075 hoc
1521 3026 1629 3075 loco
1663 3026 1813 3075 corri-
