2014 3412
1059 328 1121 375 68

285 450 454 496 turam
498 451 813 512 amplectaris
826 488 839 508 ,
886 451 1062 514 utique
1109 452 1270 514 perire
1303 453 1561 515 emphasin
1594 454 1860 502 verborum

284 537 695 595 παρανομώτατα
731 536 969 583 ἁπάντων
1002 535 1297 600 ἀνθρώπων.
1334 537 1399 585 Et
1433 552 1633 596 revera,
1666 537 1759 586 hoc
1786 538 1859 600 ip-

283 632 394 664 sum
428 619 583 666 etiam
617 621 740 667 mihi
774 623 908 677 erat,
943 635 1031 668 eur
1065 621 1333 682 aliquando
1369 621 1665 669 eonieerem:
1697 622 1772 669 ἔτι
1802 620 1859 670 δὲ

273 703 472 749 ΑΛΛΑ
517 704 580 765 (=
600 703 773 765 ἄλλα)·
822 703 1006 763 ἐδέθην
1053 706 1171 752 cett.
1221 704 1368 753 Nune
1400 707 1598 762 autem,
1634 720 1747 753 611111
1780 706 1858 754 vir

274 785 588 834 doctissimus
639 787 826 849 optime
875 789 1046 836 docuit
1061 825 1072 847 ,
1122 788 1263 850 μάλα
1311 789 1712 851 coniungendum
1753 803 1858 837 esse

275 884 389 917 611111
422 871 670 932 particula
705 872 808 931 ἔτι,
843 872 973 920 hane
1001 874 1173 921 autem
1204 873 1605 921 coniunctionem
1623 873 1858 921 sescentis

274 954 488 1001 stabiliri
523 956 761 1016 exemplis
777 992 789 1014 ,
822 970 923 1003 non
960 956 1176 1018 amplius
1213 957 1382 1004 adesse
1416 958 1539 1018 puto
1554 993 1566 1016 ,
1600 970 1687 1004 cur
1711 956 1858 1005 Anti·
1885 1015 1887 1018 v

275 1037 451 1098 phonti
498 1039 791 1101 derogemus
838 1040 1029 1087 dicendi
1063 1041 1313 1088 rationem
1327 1076 1339 1099 ,
1373 1055 1527 1102 quam
1562 1055 1678 1088 eum
1711 1043 1831 1090 ante
1846 1077 1859 1100 ,

273 1123 386 1168 tum
421 1125 534 1184 post
565 1123 671 1170 eius
707 1125 928 1171 aetatem
962 1123 1206 1171 usitatam
1241 1123 1393 1172 fuisse
1427 1124 1666 1172 videmus.

341 1206 370 1264 ἓ
392 1205 464 1253 18.
501 1209 699 1262 τούτοις
718 1208 815 1272 γαρ
834 1204 892 1267 ἧν
915 1214 1058 1256 τοῦτο
1077 1211 1338 1269 συμφέρον
1351 1244 1363 1266 ,
1382 1212 1582 1271 πρῶτον
1598 1207 1696 1267 μὲν
1719 1209 1856 1267 (ὡς)

277 1290 766 1353 ἀπαρασκευότατον
811 1297 1054 1357 γενέσθαι
1084 1312 1146 1354 με
1180 1295 1248 1353 μὴ
1285 1291 1576 1355 δυνάμενον
1610 1291 1855 1357 διαπράσ-

275 1380 463 1423 σεσθαι
506 1379 666 1426 αυτὸν
702 1379 963 1438 τάμαυτοῦ
996 1379 1299 1443 πράγματα,
1335 1379 1502 1425 ἔπειτα
1537 1382 1855 1426 κακοπαθεῖν

273 1465 339 1522 τῷ
387 1463 613 1520 σώματι,
659 1464 775 1516 τούς
820 1481 870 1510 τε
903 1462 1080 1523 φίλους
1114 1467 1526 1526 προθυμοτέρους
1561 1462 1703 1524 ἔχειν
1736 1462 1854 1518 τοὺς

275 1545 496 1604 ἐμαυτοῦ
547 1547 744 1600 τούτοις
793 1547 857 1593 τα
909 1546 1061 1606 Ψευδῆ
1111 1553 1386 1610 μαρτυρεῖν
1437 1550 1466 1605 ἢ
1512 1547 1628 1605 ἐμοὶ
1660 1546 1852 1606 τάληθῆ

272 1629 438 1693 λέγειν
482 1629 573 1677 διοὲ
618 1634 705 1688 τὴν
752 1637 840 1679 τοῦ
884 1633 1123 1691 σώματος
1159 1632 1532 1679 κακοπάθειαν.
1572 1629 1771 1687 ὄνειδός
1803 1650 1853 1679 τε

273 1716 407 1777 αὐτῷ
459 1734 510 1762 τε
550 1716 665 1777 ἐμοὶ
712 1718 1010 1778 περιέθεσαν
1050 1717 1141 1764 καὶ
1181 1724 1288 1771 τοῖς
1335 1717 1481 1775 ἐμοῖς
1516 1719 1851 1779 προςήκουσιν

272 1804 347 1856 εἰς
397 1804 485 1848 τὸν
538 1802 663 1860 βίον
714 1801 937 1850 ἅπαντα.
981 1801 1120 1848 Inter
1163 1801 1303 1849 varia
1318 1837 1329 1859 ‚
1376 1815 1504 1862 quae
1535 1801 1587 1847 in
1621 1800 1711 1848 hoe
1742 1800 1850 1848 1060

271 1900 416 1948 aegre
458 1885 560 1933 fero
575 1922 587 1943 ,
633 1885 851 1947 primum
885 1886 986 1943 est,
1024 1886 1156 1946 quod
1189 1885 1243 1931 in
1276 1884 1436 1932 altero
1477 1884 1740 1932 enuntiato
1770 1883 1850 1930 In-

271 1970 494 2018 finitivus
541 1974 863 2018 κακοπαθεῖν
908 1972 1044 2018 earet
1089 1970 1310 2017 subiecto
1327 2005 1339 2027 ‚
1373 1968 1505 2030 quod
1540 1970 1600 2015 ut
1633 1968 1849 2016 orationi

268 2055 568 2102 restituatur
582 2091 594 2113 ,
628 2054 947 2102 inserendum
981 2057 1104 2115 puto
1138 2067 1410 2115 pronomen
1443 2071 1504 2112 με
1530 2052 1664 2100 1111361·
1681 2052 1847 2100 ἔπειτα
1908 2085 1914 2089 -

273 2143 593 2186 κακοπαθεῖν
627 2140 678 2186 eb
711 2143 780 2201 τῷ
810 2139 1021 2198 σώματι.

338 2223 525 2270 Deinde
558 2222 591 2269 J
593 2222 910 2279 ernstedtius,
938 2237 1088 2282 quem
1117 2221 1475 2269 Herwerdenus
1511 2221 1708 2268 secutus
1743 2222 1847 2280 est,

275 2307 476 2354 seclusit
509 2306 820 2353 Infinitivum
857 2305 1021 2368 λέγειν
1053 2305 1104 2351 111
1141 2305 1324 2352 verbis:
1362 2306 1563 2358 τούτοις
1596 2304 1660 2351 τά
1695 2303 1846 2363 ψευδῆ

269 2397 545 2453 μαρτυρεῖν
586 2392 613 2447 ἢ
649 2390 764 2448 ἐμοὶ
800 2388 988 2447 τάληθῆ
1024 2389 1200 2452 λέγειν.
1232 2388 1383 2436 Recte
1411 2387 1611 2449 quidem
1641 2402 1698 2435 eo
1717 2388 1844 2435 indi-

270 2477 475 2534 carunt,
510 2474 719 2523 verbum
753 2474 918 2536 λέγειν
951 2474 1065 2534 post
1098 2487 1251 2535 grave
1283 2471 1408 2518 illud
1443 2471 1507 2518 τοὶ
1541 2469 1689 2531 ψευδῆ
1717 2490 1845 2535 μαρ·

270 2567 436 2621 τυρεῖν
479 2558 628 2605 nimis
673 2573 776 2606 esse
819 2558 1074 2604 infirmum
1089 2593 1100 2615 ‚
1145 2572 1296 2618 quam
1340 2555 1471 2617 quod
1512 2555 1630 2603 ferri
1663 2555 1844 2617 possit,

270 2658 384 2690 611111
431 2642 724 2703 praesertim
767 2641 863 2688 tali
908 2641 1055 2689 verbo
1104 2640 1274 2687 addito
1318 2639 1443 2686 nihil
1477 2653 1598 2699 opus
1634 2638 1715 2686 sit.
1750 2637 1844 2686 Sed

266 2728 439 2774 tamen
483 2726 628 2773 valde
662 2725 835 2772 dubito
851 2761 862 2782 ‚
897 2739 1019 2771 num
1059 2724 1152 2770 viri
1186 2723 1318 2771 docti
1351 2723 1430 2770 sat
1465 2723 1601 2769 reete
1634 2703 1842 2783 egerint,

267 2825 382 2857 eum
414 2809 620 2857 delendo
656 2809 894 2856 voeabulo
928 2809 1090 2871 λέγειν
1121 2808 1249 2854 hane
1265 2805 1610 2853 difficultatem
1628 2819 1842 2852 summo-

267 2909 382 2942 vere
427 2895 739 2942 conarentur.
784 2893 945 2939 Tanta
978 2892 1110 2939 enim
1145 2891 1195 2939 vi
1230 2893 1381 2951 atque
1415 2888 1639 2950 emphasi
1673 2890 1842 2936 orator

262 2978 384 3025 haee
433 2978 586 3026 verba
635 2976 848 3039 profert,
898 2978 958 3023 ut
1001 2975 1106 3022 fieri
1150 2990 1251 3022 non
1283 2973 1468 3036 possit,
1503 2972 1623 3033 quin
1658 2971 1840 3019 ultima
