2014 3412
1019 295 1078 342 46

248 419 439 489 iunctio
454 456 466 478 ,
500 434 652 481 quam
682 434 887 480 pravam
907 420 1144 481 praebeat
1159 421 1461 468 sententiam
1479 423 1532 469 et
1549 423 1831 485 absurdam,

248 491 394 551 nemo
429 518 528 551 non
562 503 807 565 perspicit.
840 502 1014 565 Neque
1043 504 1207 566 ipsum
1233 504 1380 552 istius
1397 505 1828 568 interpretationis

248 591 501 636 auctorem
537 587 587 634 id
621 588 849 647 latuisse,
877 587 1217 650 intellegimus
1236 603 1296 636 ex
1313 588 1662 639 adnotatione:
1687 592 1830 649 „sub-

247 673 365 720 audi
409 673 472 719 ad
518 671 743 720 διώκεινε
791 672 908 728 τοὺς
944 671 1247 730 διώκοντας,
1284 673 1347 720 ad
1381 658 1678 737 ,ιιαρτυρεῐνξ
1713 677 1830 733 τοὺς

246 760 680 822 μαρτυροῦντας.”
717 757 809 806 Sed
843 758 1081 826 profecto,
1117 773 1270 819 quam
1305 759 1522 807 maxime
1552 761 1830 809 cavendum

248 847 320 892 est
339 881 350 903 ‚
380 858 443 891 ne
476 858 589 891 cum
618 843 725 891 viro
755 842 1024 890 clarissimo
1042 842 1105 888 ad
1123 842 1416 902 lectionem,
1435 844 1514 891 cui
1531 843 1667 893 favet
1683 885 1695 903 ,
1712 846 1829 894 reti-

248 928 463 976 nendam
498 927 623 974 talia
651 928 818 974 mente
836 927 1158 988 suppleamus
1177 941 1305 987 quae
1324 928 1544 989 suppleri
1561 931 1829 991 nequeant.

248 1012 447 1072 Orator,
481 1013 522 1060 si
555 1012 632 1070 id,
667 1012 798 1073 quod
832 1011 1058 1059 Reiskius
1091 1012 1318 1073 perhibet
1334 1049 1345 1071 ,
1373 1012 1532 1061 dicere
1561 1015 1830 1075 voluisset,

247 1098 382 1145 facili
414 1097 613 1160 negotio
641 1096 691 1143 id
718 1097 935 1144 indicare
963 1097 1206 1159 potuisset
1234 1097 1506 1156 scribendo,
1537 1099 1668 1160 quod
1685 1099 1830 1148 unice

247 1185 440 1231 rectum
466 1183 613 1230 esset:
646 1179 938 1229 διώκεσθαί
958 1201 1010 1229 τε
1029 1184 1119 1229 καὶ
1139 1187 1546 1246 μαρτυρηθῆναι,
1564 1199 1726 1247 neque
1742 1199 1830 1232 au-

247 1267 434 1315 ditores
461 1266 684 1314 iussisset
706 1267 766 1314 de
783 1282 871 1314 suo
889 1267 1086 1329 ingenio
1106 1267 1285 1315 addere
1301 1282 1430 1329 quae
1446 1268 1549 1329 ipse
1566 1268 1828 1318 omisisset.

249 1351 384 1408 Quae
413 1367 526 1399 cum
555 1351 630 1397 ita
657 1351 758 1398 sint
773 1387 784 1409 ,
814 1351 1041 1412 equidem
1061 1351 1227 1398 nullus
1245 1351 1420 1399 dubito
1437 1388 1449 1411 ,
1468 1352 1589 1413 quin
1606 1353 1828 1416 adstipu-

248 1436 455 1483 landum
480 1436 546 1483 sit
564 1435 726 1494 alteri,
745 1444 895 1496 quam
916 1435 1225 1483 Maetznerus
1244 1436 1476 1497 praebuit
1493 1436 1827 1498 explicationi.

313 1520 504 1569 Deinde
549 1521 720 1566 autem
735 1555 747 1575 ‚
796 1533 953 1580 pauca
999 1518 1059 1566 de
1101 1519 1365 1567 verborum
1399 1519 1570 1567 ordine
1604 1520 1829 1578 locutus,

248 1605 430 1653 subicit
486 1604 661 1651 doctus
713 1604 967 1650 oratorum
1014 1603 1198 1651 editor:
1256 1603 1522 1665 „quidquid
1571 1605 1678 1652 eius
1726 1607 1829 1664 est,

247 1688 593 1752 perspicuitati
639 1689 691 1735 et
736 1687 864 1734 mori
898 1687 1131 1749 loquendi
1166 1690 1477 1750 naturaeque
1510 1703 1679 1736 rerum
1715 1704 1828 1738 con-

247 1774 450 1822 veniens
477 1773 557 1820 hic
585 1773 660 1819 est
688 1771 832 1829 ordo,
852 1786 1000 1833 quem
1019 1772 1393 1820 demonstrabo:
1414 1774 1532 1828 τοὺς
1555 1776 1829 1838 κρίνοντας

248 1859 340 1914 τοὶς
386 1857 606 1919 φονικάς
651 1854 806 1911 δίκας
851 1858 955 1920 περὶ
1003 1856 1230 1904 πλείστου
1271 1858 1586 1919 <nowchamp
1638 1858 1732 1908 Sed
1774 1860 1828 1908 in

247 1945 339 1992 hac
383 1957 579 2006 quoque
613 1957 667 1989 re
700 1956 731 1988 a
764 1941 870 1989 viro
908 1941 1179 1989 clarissimo
1215 1942 1359 1990 valde
1393 1942 1642 1991 dissentio.
1694 1943 1829 1992 Nam

247 2031 338 2076 aut
384 2043 472 2090 ego
515 2027 708 2089 egregie
754 2026 917 2085 fallor,
962 2029 1053 2074 aut
1098 2027 1140 2074 is
1155 2064 1167 2083 ,
1214 2027 1299 2089 qui
1340 2028 1462 2076 haec
1497 2029 1649 2077 verba
1680 2029 1827 2087 facit,

247 2114 474 2162 consulto
507 2113 560 2159 in
592 2112 738 2159 initio
773 2111 1013 2159 orationis
1048 2112 1243 2173 posuit:
1280 2113 1372 2168 τας
1407 2114 1625 2174 φονικάς
1658 2113 1827 2172 δίκας,

246 2201 307 2247 ut
341 2198 514 2246 statim
549 2196 866 2251 indicaretur,
901 2195 953 2242 in
987 2196 1285 2257 quibusnam
1319 2199 1478 2246 causis
1505 2214 1623 2260 prae
1651 2201 1827 2249 ceteris

246 2284 380 2332 tanti
412 2281 610 2329 intersit
644 2281 988 2328 accusatorum
1003 2318 1014 2336 ‚
1049 2283 1109 2328 ut
1143 2282 1311 2329 omnia
1338 2283 1436 2330 rite
1466 2285 1516 2331 et
1544 2284 1652 2333 iure
1684 2285 1823 2334 fiant.

246 2369 432 2416 Verba:
469 2367 562 2422 τοὶς
597 2366 817 2427 φονικάς
848 2357 1002 2420 δίκας
1031 2379 1145 2413 cum
1174 2367 1397 2428 emphasi
1426 2368 1696 2426 efferenda,
1715 2372 1825 2419 tam

245 2456 472 2516 spectant
513 2452 575 2499 ad
617 2452 734 2507 τοὺς
781 2454 1057 2515 κρίνοντας
1098 2466 1248 2512 quam
1292 2452 1352 2498 ad
1400 2450 1608 2502 διώκειν
1651 2474 1700 2502 τε
1735 2457 1826 2504 καὶ

243 2544 533 2602 μαρτυρεῖν,
569 2552 683 2584 cum
717 2537 865 2584 simul
899 2551 986 2598 per
1020 2536 1428 2597 anticipationem
1462 2538 1712 2599 quandam
1747 2541 1822 2588 in-

244 2626 429 2681 dicent,
477 2638 566 2670 cur
608 2622 742 2669 tanti
787 2621 971 2669 referat
1015 2636 1096 2669 eas
1140 2621 1367 2682 religiose
1395 2622 1490 2683 agi.
1543 2623 1650 2671 Hoc
1681 2625 1822 2673 abso—

243 2710 352 2758 luto
367 2748 378 2765 ‚
425 2709 528 2755 iam
574 2707 788 2754 alteram
827 2707 1173 2768 aggrediemur
1221 2705 1566 2754 difficultatem
1581 2745 1591 2763 ,
1642 2724 1792 2770 quam
1807 2746 1820 2770 ‚

244 2795 362 2857 quia
412 2793 474 2840 ab
525 2792 585 2838 iis
601 2827 612 2849 ,
663 2791 749 2851 qui
799 2790 1052 2852 hucusque
1102 2805 1302 2851 operam
1348 2792 1401 2838 et
1443 2791 1664 2840 laborem
1707 2793 1822 2842 huic

245 2878 459 2927 orationi
492 2874 829 2924 emendandae
863 2875 1240 2937 impenderunt,
1276 2874 1475 2937 integra
1507 2876 1682 2924 relicta
1718 2879 1818 2936 est,

244 2963 396 3010 altius
429 2959 719 3022 investigari
752 2973 949 3007 necesse
985 2960 1212 3007 arbitror.
