<?xml version="1.0" encoding="UTF-8"?>
<!DOCTYPE html PUBLIC "-//W3C//DTD XHTML 1.0 Transitional//EN"
    "http://www.w3.org/TR/xhtml1/DTD/xhtml1-transitional.dtd">
<html xmlns="http://www.w3.org/1999/xhtml" xml:lang="en" lang="en">
 <head>
  <title>
</title>
<meta http-equiv="Content-Type" content="text/html;charset=utf-8" />
  <meta name='ocr-system' content='tesseract 3.04.00' />
  <meta name='ocr-capabilities' content='ocr_page ocr_carea ocr_par ocr_line ocrx_word'/>
</head>
<body>
  <div class='ocr_page' id='page_1' title='image "./analectaantiphon00hemsuoft_0068.png"; bbox 0 0 2014 3412; ppageno 0'>
   <div class='ocr_carea' id='block_1_1' title="bbox 1025 317 1085 364">
    <p class='ocr_par' dir='ltr' id='par_1_1' title="bbox 1025 317 1085 364">
     <span class='ocr_line' id='line_1_1' title="bbox 1025 317 1085 364; baseline 0 0"><span class='ocrx_word' id='word_1_1' title='bbox 1025 317 1085 364; x_wconf 81' lang='lat'>56</span> 
     </span>
    </p>
   </div>
   <div class='ocr_carea' id='block_1_2' title="bbox 227 442 1865 3051">
    <p class='ocr_par' dir='ltr' id='par_1_2' title="bbox 265 442 1853 763">
     <span class='ocr_line' id='line_1_2' title="bbox 266 442 1853 505; baseline 0.002 -16"><span class='ocrx_word' id='word_1_2' title='bbox 266 442 403 501; x_wconf 93' lang='lat' dir='ltr'>culo,</span> <span class='ocrx_word' id='word_1_3' title='bbox 445 458 523 502; x_wconf 89' lang='lat' dir='ltr'>ne,</span> <span class='ocrx_word' id='word_1_4' title='bbox 559 443 691 505; x_wconf 89' lang='lat' dir='ltr'>quod</span> <span class='ocrx_word' id='word_1_5' title='bbox 722 444 925 492; x_wconf 89' lang='lat' dir='ltr'>iuvenes</span> <span class='ocrx_word' id='word_1_6' title='bbox 961 444 1088 503; x_wconf 85' lang='lat' dir='ltr'>sint,</span> <span class='ocrx_word' id='word_1_7' title='bbox 1123 443 1539 503; x_wconf 69' lang='lat' dir='ltr'>condemnentur,</span> <span class='ocrx_word' id='word_1_8' title='bbox 1575 445 1626 492; x_wconf 91' lang='lat' dir='ltr'>et</span> <span class='ocrx_word' id='word_1_9' title='bbox 1644 443 1853 504; x_wconf 43' lang='lat' dir='ltr'>vestrim</span> 
     </span>
     <span class='ocr_line' id='line_1_3' title="bbox 265 526 1853 592; baseline 0.003 -19"><span class='ocrx_word' id='word_1_10' title='bbox 265 526 485 574; x_wconf 90' lang='lat' dir='ltr'>iudicum</span> <span class='ocrx_word' id='word_1_11' title='bbox 501 565 512 587; x_wconf 92' lang='lat'>‚</span> <span class='ocrx_word' id='word_1_12' title='bbox 547 528 739 576; x_wconf 84' lang='lat' dir='ltr'>iudiciis</span> <span class='ocrx_word' id='word_1_13' title='bbox 774 544 927 590; x_wconf 90' lang='lat' dir='ltr'>quam</span> <span class='ocrx_word' id='word_1_14' title='bbox 956 529 1173 576; x_wconf 81' lang='lat' dir='ltr'>maxime</span> <span class='ocrx_word' id='word_1_15' title='bbox 1199 530 1276 575; x_wconf 89' lang='lat' dir='ltr'>est</span> <span class='ocrx_word' id='word_1_16' title='bbox 1305 543 1441 590; x_wconf 91' lang='lat' dir='ltr'>opus.</span> <span class='ocrx_word' id='word_1_17' title='bbox 1472 529 1601 577; x_wconf 91' lang='lat' dir='ltr'>Hinc</span> <span class='ocrx_word' id='word_1_18' title='bbox 1618 531 1824 592; x_wconf 90' lang='lat' dir='ltr'>apparet</span> <span class='ocrx_word' id='word_1_19' title='bbox 1840 566 1853 589; x_wconf 93' lang='lat'>‚</span> 
     </span>
     <span class='ocr_line' id='line_1_4' title="bbox 267 612 1850 677; baseline 0.004 -20"><span class='ocrx_word' id='word_1_20' title='bbox 267 626 367 658; x_wconf 92' lang='lat' dir='ltr'>non</span> <span class='ocrx_word' id='word_1_21' title='bbox 401 612 667 674; x_wconf 84' lang='lat' dir='ltr'>legendum</span> <span class='ocrx_word' id='word_1_22' title='bbox 702 628 830 661; x_wconf 84' lang='lat' dir='ltr'>esse:</span> <span class='ocrx_word' id='word_1_23' title='bbox 869 614 993 672; x_wconf 75' lang='grc' dir='ltr'><em>αὐτὴ</em></span> <span class='ocrx_word' id='word_1_24' title='bbox 1026 613 1124 677; x_wconf 78' lang='grc' dir='ltr'>γαρ</span> <span class='ocrx_word' id='word_1_25' title='bbox 1157 615 1185 671; x_wconf 85' lang='grc' dir='ltr'><em>ἡ</em></span> <span class='ocrx_word' id='word_1_26' title='bbox 1218 612 1390 671; x_wconf 82' lang='grc' dir='ltr'><em>ἡλικία</em></span> <span class='ocrx_word' id='word_1_27' title='bbox 1425 619 1527 662; x_wconf 84' lang='grc' dir='ltr'>τῶν</span> <span class='ocrx_word' id='word_1_28' title='bbox 1561 619 1688 663; x_wconf 80' lang='grc' dir='ltr'><strong><em>νέων</em></strong></span> <span class='ocrx_word' id='word_1_29' title='bbox 1706 618 1850 663; x_wconf 80' lang='grc' dir='ltr'><em>κατέ-</em></span> 
     </span>
     <span class='ocr_line' id='line_1_5' title="bbox 270 698 1066 763; baseline 0.01 -21"><span class='ocrx_word' id='word_1_30' title='bbox 270 713 433 760; x_wconf 81' lang='grc' dir='ltr'><em>κρινε,</em></span> <span class='ocrx_word' id='word_1_31' title='bbox 471 698 554 746; x_wconf 82' lang='lat' dir='ltr'>sed</span> <span class='ocrx_word' id='word_1_32' title='bbox 588 703 916 763; x_wconf 78' lang='grc' dir='ltr'><em>κατέκρινε&lt;ν</em></span> <span class='ocrx_word' id='word_1_33' title='bbox 951 699 1066 751; x_wconf 75' lang='grc' dir='ltr'>ἄν).</span> 
     </span>
    </p>

    <p class='ocr_par' dir='ltr' id='par_1_3' title="bbox 227 783 1862 2033">
     <span class='ocr_line' id='line_1_6' title="bbox 335 783 1854 847; baseline 0.003 -17"><span class='ocrx_word' id='word_1_34' title='bbox 335 783 567 831; x_wconf 84' lang='lat' dir='ltr'>Ceterum</span> <span class='ocrx_word' id='word_1_35' title='bbox 585 821 596 842; x_wconf 88' lang='lat'>,</span> <span class='ocrx_word' id='word_1_36' title='bbox 632 785 776 846; x_wconf 80' lang='lat' dir='ltr'><strong>quasi</strong></span> <span class='ocrx_word' id='word_1_37' title='bbox 810 786 862 832; x_wconf 91' lang='lat' dir='ltr'>in</span> <span class='ocrx_word' id='word_1_38' title='bbox 896 784 1256 847; x_wconf 84' lang='lat' dir='ltr'>praetereundo</span> <span class='ocrx_word' id='word_1_39' title='bbox 1292 785 1339 832; x_wconf 92' lang='lat' dir='ltr'>h.</span> <span class='ocrx_word' id='word_1_40' title='bbox 1377 785 1410 832; x_wconf 94' lang='grc'>1.</span> <span class='ocrx_word' id='word_1_41' title='bbox 1446 785 1742 833; x_wconf 87' lang='lat' dir='ltr'>adnotatum</span> <span class='ocrx_word' id='word_1_42' title='bbox 1771 801 1854 835; x_wconf 87' lang='lat' dir='ltr'>ve-</span> 
     </span>
     <span class='ocr_line' id='line_1_7' title="bbox 269 867 1858 931; baseline 0.001 -17"><span class='ocrx_word' id='word_1_43' title='bbox 269 867 358 914; x_wconf 92' lang='lat' dir='ltr'>lim</span> <span class='ocrx_word' id='word_1_44' title='bbox 381 904 392 926; x_wconf 89' lang='lat'>,</span> <span class='ocrx_word' id='word_1_45' title='bbox 444 883 523 916; x_wconf 93' lang='lat' dir='ltr'>me</span> <span class='ocrx_word' id='word_1_46' title='bbox 571 884 749 930; x_wconf 91' lang='lat' dir='ltr'>parum</span> <span class='ocrx_word' id='word_1_47' title='bbox 803 869 1076 931; x_wconf 78' lang='lat' dir='ltr'>perspicere</span> <span class='ocrx_word' id='word_1_48' title='bbox 1122 868 1364 930; x_wconf 81' lang='lat' dir='ltr'>quidnam</span> <span class='ocrx_word' id='word_1_49' title='bbox 1410 870 1476 917; x_wconf 90' lang='lat' dir='ltr'>sit</span> <span class='ocrx_word' id='word_1_50' title='bbox 1520 885 1724 929; x_wconf 85' lang='lat' dir='ltr'>causae,</span> <span class='ocrx_word' id='word_1_51' title='bbox 1769 884 1858 919; x_wconf 91' lang='lat' dir='ltr'>cur</span> 
     </span>
     <span class='ocr_line' id='line_1_8' title="bbox 271 951 1856 1016; baseline 0.003 -18"><span class='ocrx_word' id='word_1_52' title='bbox 271 951 488 999; x_wconf 85' lang='lat' dir='ltr'>Blassius</span> <span class='ocrx_word' id='word_1_53' title='bbox 521 952 552 1000; x_wconf 87' lang='lat' dir='ltr'><strong>J</strong></span> <span class='ocrx_word' id='word_1_54' title='bbox 555 953 956 1015; x_wconf 90' lang='lat' dir='ltr'>ernstedtiusque</span> <span class='ocrx_word' id='word_1_55' title='bbox 985 954 1161 1001; x_wconf 83' lang='lat' dir='ltr'>codicis</span> <span class='ocrx_word' id='word_1_56' title='bbox 1189 952 1237 1000; x_wconf 83' lang='lat' dir='ltr'>N</span> <span class='ocrx_word' id='word_1_57' title='bbox 1257 954 1553 1016; x_wconf 70' lang='lat' dir='ltr'>scripturam</span> <span class='ocrx_word' id='word_1_58' title='bbox 1574 954 1856 1014; x_wconf 75' lang='lat' dir='ltr'>exhibeant,</span> 
     </span>
     <span class='ocr_line' id='line_1_9' title="bbox 272 1037 1857 1100; baseline 0.001 -16"><span class='ocrx_word' id='word_1_59' title='bbox 272 1037 625 1100; x_wconf 86' lang='lat' dir='ltr'>coniungentes</span> <span class='ocrx_word' id='word_1_60' title='bbox 662 1038 821 1085; x_wconf 90' lang='lat' dir='ltr'>dualis</span> <span class='ocrx_word' id='word_1_61' title='bbox 847 1038 1088 1087; x_wconf 88' lang='lat' dir='ltr'>formam:</span> <span class='ocrx_word' id='word_1_62' title='bbox 1119 1046 1232 1086; x_wconf 84' lang='grc' dir='ltr'><strong><em>τοῖν</em></strong></span> <span class='ocrx_word' id='word_1_63' title='bbox 1263 1038 1561 1099; x_wconf 75' lang='grc' dir='ltr'><em>ὀφθαλμοῖν</em></span> <span class='ocrx_word' id='word_1_64' title='bbox 1578 1054 1708 1098; x_wconf 88' lang='lat' dir='ltr'>cum,</span> <span class='ocrx_word' id='word_1_65' title='bbox 1725 1038 1857 1100; x_wconf 89' lang='lat' dir='ltr'>quod</span> 
     </span>
     <span class='ocr_line' id='line_1_10' title="bbox 273 1122 1856 1186; baseline 0.003 -18"><span class='ocrx_word' id='word_1_66' title='bbox 273 1122 458 1183; x_wconf 88' lang='lat' dir='ltr'>plurali</span> <span class='ocrx_word' id='word_1_67' title='bbox 502 1138 709 1171; x_wconf 90' lang='lat' dir='ltr'>numero</span> <span class='ocrx_word' id='word_1_68' title='bbox 755 1123 986 1171; x_wconf 92' lang='lat' dir='ltr'>debetur:</span> <span class='ocrx_word' id='word_1_69' title='bbox 1037 1131 1145 1179; x_wconf 80' lang='grc' dir='ltr'><strong><em>τοῖς</em></strong></span> <span class='ocrx_word' id='word_1_70' title='bbox 1191 1124 1333 1173; x_wconf 83' lang='grc' dir='ltr'><em>ὠσίν.</em></span> <span class='ocrx_word' id='word_1_71' title='bbox 1369 1124 1597 1172; x_wconf 84' lang='lat' dir='ltr'>Reiskius</span> <span class='ocrx_word' id='word_1_72' title='bbox 1613 1160 1625 1181; x_wconf 92' lang='lat'>,</span> <span class='ocrx_word' id='word_1_73' title='bbox 1659 1123 1747 1186; x_wconf 90' lang='lat' dir='ltr'>qui</span> <span class='ocrx_word' id='word_1_74' title='bbox 1779 1137 1856 1172; x_wconf 87' lang='lat' dir='ltr'>co-</span> 
     </span>
     <span class='ocr_line' id='line_1_11' title="bbox 274 1206 1857 1270; baseline 0.002 -17"><span class='ocrx_word' id='word_1_75' title='bbox 274 1206 392 1254; x_wconf 86' lang='lat' dir='ltr'>dicis</span> <span class='ocrx_word' id='word_1_76' title='bbox 432 1206 471 1254; x_wconf 79' lang='lat' dir='ltr'><strong>A</strong></span> <span class='ocrx_word' id='word_1_77' title='bbox 505 1207 828 1269; x_wconf 71' lang='lat' dir='ltr'>scripturam:</span> <span class='ocrx_word' id='word_1_78' title='bbox 865 1216 977 1263; x_wconf 80' lang='grc' dir='ltr'><em>τοῖς</em></span> <span class='ocrx_word' id='word_1_79' title='bbox 1011 1209 1307 1269; x_wconf 77' lang='grc' dir='ltr'><em>ὀφθαλμοῖς</em></span> <span class='ocrx_word' id='word_1_80' title='bbox 1341 1211 1537 1268; x_wconf 83' lang='lat' dir='ltr'>tuetur,</span> <span class='ocrx_word' id='word_1_81' title='bbox 1571 1209 1727 1256; x_wconf 87' lang='lat' dir='ltr'>tacite</span> <span class='ocrx_word' id='word_1_82' title='bbox 1743 1223 1857 1270; x_wconf 83' lang='lat' dir='ltr'>sup-</span> 
     </span>
     <span class='ocr_line' id='line_1_12' title="bbox 274 1292 1861 1355; baseline 0.001 -16"><span class='ocrx_word' id='word_1_83' title='bbox 274 1292 403 1353; x_wconf 91' lang='lat' dir='ltr'>plet:</span> <span class='ocrx_word' id='word_1_84' title='bbox 450 1297 611 1341; x_wconf 85' lang='grc' dir='ltr'><em>πᾶσιν</em></span> <span class='ocrx_word' id='word_1_85' title='bbox 656 1294 764 1341; x_wconf 80' lang='grc' dir='ltr'>ἐστὶ</span> <span class='ocrx_word' id='word_1_86' title='bbox 807 1293 941 1341; x_wconf 75' lang='grc' dir='ltr'><em>κατα</em></span> <span class='ocrx_word' id='word_1_87' title='bbox 980 1295 1165 1354; x_wconf 78' lang='grc' dir='ltr'><em>φύσιν,</em></span> <span class='ocrx_word' id='word_1_88' title='bbox 1200 1294 1284 1342; x_wconf 89' lang='lat' dir='ltr'>sed</span> <span class='ocrx_word' id='word_1_89' title='bbox 1318 1294 1381 1340; x_wconf 86' lang='lat' dir='ltr'>ad</span> <span class='ocrx_word' id='word_1_90' title='bbox 1417 1293 1733 1350; x_wconf 88' lang='lat' dir='ltr'>evitandum,</span> <span class='ocrx_word' id='word_1_91' title='bbox 1773 1292 1861 1355; x_wconf 90' lang='lat' dir='ltr'>qui</span> 
     </span>
     <span class='ocr_line' id='line_1_13' title="bbox 275 1376 1860 1437; baseline 0.002 -14"><span class='ocrx_word' id='word_1_92' title='bbox 275 1376 367 1424; x_wconf 89' lang='lat' dir='ltr'>hac</span> <span class='ocrx_word' id='word_1_93' title='bbox 399 1378 594 1425; x_wconf 86' lang='lat' dir='ltr'>ratione</span> <span class='ocrx_word' id='word_1_94' title='bbox 623 1378 793 1426; x_wconf 88' lang='lat' dir='ltr'>existit</span> <span class='ocrx_word' id='word_1_95' title='bbox 808 1415 819 1437; x_wconf 94' lang='lat'>‚</span> <span class='ocrx_word' id='word_1_96' title='bbox 849 1378 1027 1425; x_wconf 92' lang='lat' dir='ltr'>durum</span> <span class='ocrx_word' id='word_1_97' title='bbox 1058 1378 1427 1426; x_wconf 83' lang='lat' dir='ltr'>sententiarum</span> <span class='ocrx_word' id='word_1_98' title='bbox 1456 1392 1724 1437; x_wconf 91' lang='lat' dir='ltr'>conexum,</span> <span class='ocrx_word' id='word_1_99' title='bbox 1743 1392 1860 1426; x_wconf 85' lang='lat' dir='ltr'>mox</span> 
     </span>
     <span class='ocr_line' id='line_1_14' title="bbox 275 1462 1859 1525; baseline 0.001 -17"><span class='ocrx_word' id='word_1_100' title='bbox 275 1462 579 1523; x_wconf 70' lang='lat' dir='ltr'>particulam</span> <span class='ocrx_word' id='word_1_101' title='bbox 624 1463 716 1510; x_wconf 86' lang='grc' dir='ltr'>καί</span> <span class='ocrx_word' id='word_1_102' title='bbox 759 1463 1037 1525; x_wconf 69' lang='lat' dir='ltr'>interponit</span> <span class='ocrx_word' id='word_1_103' title='bbox 1074 1463 1238 1512; x_wconf 88' lang='lat' dir='ltr'>verbis</span> <span class='ocrx_word' id='word_1_104' title='bbox 1272 1464 1398 1512; x_wconf 79' lang='grc' dir='ltr'><strong>οὕτω</strong></span> <span class='ocrx_word' id='word_1_105' title='bbox 1434 1463 1579 1511; x_wconf 82' lang='grc' dir='ltr'><em>κατά,</em></span> <span class='ocrx_word' id='word_1_106' title='bbox 1617 1462 1859 1524; x_wconf 84' lang='lat' dir='ltr'>Equidem</span> 
     </span>
     <span class='ocr_line' id='line_1_15' title="bbox 277 1547 1862 1610; baseline 0.003 -18"><span class='ocrx_word' id='word_1_107' title='bbox 277 1561 342 1592; x_wconf 92' lang='lat' dir='ltr'>an</span> <span class='ocrx_word' id='word_1_108' title='bbox 389 1561 415 1594; x_wconf 89' lang='lat' dir='ltr'>e</span> <span class='ocrx_word' id='word_1_109' title='bbox 459 1547 651 1595; x_wconf 87' lang='lat' dir='ltr'>tradita</span> <span class='ocrx_word' id='word_1_110' title='bbox 696 1548 921 1596; x_wconf 90' lang='lat' dir='ltr'>codicum</span> <span class='ocrx_word' id='word_1_111' title='bbox 967 1548 1182 1596; x_wconf 91' lang='lat' dir='ltr'>lectione</span> <span class='ocrx_word' id='word_1_112' title='bbox 1229 1549 1408 1596; x_wconf 87' lang='lat' dir='ltr'>melius</span> <span class='ocrx_word' id='word_1_113' title='bbox 1438 1548 1557 1610; x_wconf 91' lang='lat' dir='ltr'>quid</span> <span class='ocrx_word' id='word_1_114' title='bbox 1591 1547 1862 1596; x_wconf 88' lang='lat' dir='ltr'>extundere</span> 
     </span>
     <span class='ocr_line' id='line_1_16' title="bbox 277 1632 1862 1695; baseline 0.002 -17"><span class='ocrx_word' id='word_1_115' title='bbox 277 1647 471 1694; x_wconf 91' lang='lat' dir='ltr'>possem</span> <span class='ocrx_word' id='word_1_116' title='bbox 507 1633 783 1694; x_wconf 87' lang='lat' dir='ltr'>periculum</span> <span class='ocrx_word' id='word_1_117' title='bbox 818 1634 936 1693; x_wconf 83' lang='lat' dir='ltr'>feci,</span> <span class='ocrx_word' id='word_1_118' title='bbox 970 1633 1096 1681; x_wconf 92' lang='lat' dir='ltr'>nihil</span> <span class='ocrx_word' id='word_1_119' title='bbox 1127 1635 1298 1682; x_wconf 89' lang='lat' dir='ltr'>autem</span> <span class='ocrx_word' id='word_1_120' title='bbox 1330 1633 1453 1680; x_wconf 89' lang='lat' dir='ltr'>mihi</span> <span class='ocrx_word' id='word_1_121' title='bbox 1482 1632 1641 1695; x_wconf 82' lang='lat' dir='ltr'>magis</span> <span class='ocrx_word' id='word_1_122' title='bbox 1659 1632 1862 1692; x_wconf 86' lang='lat' dir='ltr'>arridet,</span> 
     </span>
     <span class='ocr_line' id='line_1_17' title="bbox 227 1715 1862 1780; baseline 0.002 -18"><span class='ocrx_word' id='word_1_123' title='bbox 227 1766 233 1772; x_wconf 66' lang='grc'>,</span> <span class='ocrx_word' id='word_1_124' title='bbox 279 1731 431 1777; x_wconf 89' lang='lat' dir='ltr'>quam</span> <span class='ocrx_word' id='word_1_125' title='bbox 474 1731 712 1778; x_wconf 90' lang='lat' dir='ltr'>reponere</span> <span class='ocrx_word' id='word_1_126' title='bbox 755 1717 830 1777; x_wconf 88' lang='lat' dir='ltr'>id,</span> <span class='ocrx_word' id='word_1_127' title='bbox 870 1718 1009 1766; x_wconf 88' lang='lat' dir='ltr'>cuius</span> <span class='ocrx_word' id='word_1_128' title='bbox 1044 1717 1311 1780; x_wconf 84' lang='lat' dir='ltr'>vestigium</span> <span class='ocrx_word' id='word_1_129' title='bbox 1346 1717 1496 1765; x_wconf 87' lang='lat' dir='ltr'>codex</span> <span class='ocrx_word' id='word_1_130' title='bbox 1531 1715 1579 1764; x_wconf 82' lang='lat' dir='ltr'>N</span> <span class='ocrx_word' id='word_1_131' title='bbox 1615 1716 1862 1776; x_wconf 85' lang='lat' dir='ltr'>servavit,</span> 
     </span>
     <span class='ocr_line' id='line_1_18' title="bbox 279 1801 1862 1864; baseline 0.001 -17"><span class='ocrx_word' id='word_1_132' title='bbox 279 1801 439 1848; x_wconf 88' lang='lat' dir='ltr'>dualis</span> <span class='ocrx_word' id='word_1_133' title='bbox 472 1801 580 1850; x_wconf 91' lang='lat' dir='ltr'>dico</span> <span class='ocrx_word' id='word_1_134' title='bbox 613 1803 810 1850; x_wconf 92' lang='lat' dir='ltr'>numeri</span> <span class='ocrx_word' id='word_1_135' title='bbox 845 1802 1055 1850; x_wconf 92' lang='lat' dir='ltr'>formas:</span> <span class='ocrx_word' id='word_1_136' title='bbox 1094 1803 1395 1864; x_wconf 79' lang='grc' dir='ltr'><em>ὀφθαλμοῖν</em></span> <span class='ocrx_word' id='word_1_137' title='bbox 1435 1803 1488 1849; x_wconf 90' lang='lat' dir='ltr'>et</span> <span class='ocrx_word' id='word_1_138' title='bbox 1518 1803 1696 1858; x_wconf 81' lang='grc' dir='ltr'><strong><em>ὤτοιν;</em></strong></span> <span class='ocrx_word' id='word_1_139' title='bbox 1726 1816 1862 1860; x_wconf 88' lang='lat' dir='ltr'>nam,</span> 
     </span>
     <span class='ocr_line' id='line_1_19' title="bbox 277 1885 1862 1949; baseline -0.001 -16"><span class='ocrx_word' id='word_1_140' title='bbox 277 1886 525 1947; x_wconf 89' lang='lat' dir='ltr'>quomodo</span> <span class='ocrx_word' id='word_1_141' title='bbox 582 1887 843 1949; x_wconf 85' lang='lat' dir='ltr'>utriusque</span> <span class='ocrx_word' id='word_1_142' title='bbox 903 1888 1101 1936; x_wconf 92' lang='lat' dir='ltr'>numeri</span> <span class='ocrx_word' id='word_1_143' title='bbox 1160 1887 1374 1935; x_wconf 86' lang='lat' dir='ltr'>formam</span> <span class='ocrx_word' id='word_1_144' title='bbox 1425 1887 1564 1935; x_wconf 86' lang='lat' dir='ltr'>salva</span> <span class='ocrx_word' id='word_1_145' title='bbox 1610 1885 1862 1934; x_wconf 86' lang='lat' dir='ltr'>sententia</span> 
     </span>
     <span class='ocr_line' id='line_1_20' title="bbox 279 1971 1357 2033; baseline 0.001 -15"><span class='ocrx_word' id='word_1_146' title='bbox 279 1971 575 2033; x_wconf 86' lang='lat' dir='ltr'>coniungere</span> <span class='ocrx_word' id='word_1_147' title='bbox 610 1972 856 2033; x_wconf 87' lang='lat' dir='ltr'>possimus</span> <span class='ocrx_word' id='word_1_148' title='bbox 873 2009 884 2031; x_wconf 88' lang='lat'>,</span> <span class='ocrx_word' id='word_1_149' title='bbox 919 1972 1107 2020; x_wconf 81' lang='lat' dir='ltr'>frustra</span> <span class='ocrx_word' id='word_1_150' title='bbox 1143 1972 1357 2020; x_wconf 86' lang='lat' dir='ltr'>elaboro.</span> 
     </span>
    </p>

    <p class='ocr_par' dir='ltr' id='par_1_4' title="bbox 279 2055 1865 3051">
     <span class='ocr_line' id='line_1_21' title="bbox 345 2055 1863 2121; baseline 0.002 -19"><span class='ocrx_word' id='word_1_151' title='bbox 345 2055 434 2116; x_wconf 65' lang='grc' dir='ltr'>ἓὸ.</span> <span class='ocrx_word' id='word_1_152' title='bbox 472 2059 521 2104; x_wconf 80' lang='grc' dir='ltr'>εἴ</span> <span class='ocrx_word' id='word_1_153' title='bbox 549 2075 598 2105; x_wconf 83' lang='grc' dir='ltr'>τε</span> <span class='ocrx_word' id='word_1_154' title='bbox 631 2057 729 2121; x_wconf 69' lang='grc' dir='ltr'>γάρ</span> <span class='ocrx_word' id='word_1_155' title='bbox 765 2058 792 2105; x_wconf 88' lang='grc' dir='ltr'>ὁ</span> <span class='ocrx_word' id='word_1_156' title='bbox 821 2058 1084 2118; x_wconf 80' lang='grc' dir='ltr'><em>πατάξας,</em></span> <span class='ocrx_word' id='word_1_157' title='bbox 1117 2057 1207 2105; x_wconf 74' lang='grc' dir='ltr'>διαὶ</span> <span class='ocrx_word' id='word_1_158' title='bbox 1223 2059 1313 2116; x_wconf 83' lang='grc' dir='ltr'>τὴν</span> <span class='ocrx_word' id='word_1_159' title='bbox 1332 2056 1519 2121; x_wconf 80' lang='grc' dir='ltr'><em>πληγὴν</em></span> <span class='ocrx_word' id='word_1_160' title='bbox 1537 2055 1863 2118; x_wconf 81' lang='grc' dir='ltr'><strong><em>βιασάμενος</em></strong></span> 
     </span>
     <span class='ocr_line' id='line_1_22' title="bbox 281 2140 1863 2206; baseline 0.001 -18"><span class='ocrx_word' id='word_1_161' title='bbox 281 2141 418 2201; x_wconf 79' lang='grc' dir='ltr'><strong><em>ὑμᾶς</em></strong></span> <span class='ocrx_word' id='word_1_162' title='bbox 461 2143 824 2204; x_wconf 76' lang='grc' dir='ltr'><em>ἐπιτρεφθῆναι</em></span> <span class='ocrx_word' id='word_1_163' title='bbox 872 2142 1050 2206; x_wconf 80' lang='grc' dir='ltr'><em>ἰατρῷ,</em></span> <span class='ocrx_word' id='word_1_164' title='bbox 1098 2142 1293 2204; x_wconf 81' lang='grc' dir='ltr'><em>μᾶλλον</em></span> <span class='ocrx_word' id='word_1_165' title='bbox 1339 2147 1426 2190; x_wconf 82' lang='grc' dir='ltr'>τοῦ</span> <span class='ocrx_word' id='word_1_166' title='bbox 1468 2140 1863 2197; x_wconf 68' lang='grc' dir='ltr'><em>ἀποκτείναντος</em></span> 
     </span>
     <span class='ocr_line' id='line_1_23' title="bbox 282 2226 1857 2292; baseline 0 -18"><span class='ocrx_word' id='word_1_167' title='bbox 282 2227 463 2286; x_wconf 81' lang='grc' dir='ltr'><em>φονεύς</em></span> <span class='ocrx_word' id='word_1_168' title='bbox 517 2228 678 2280; x_wconf 79' lang='grc' dir='ltr'><em>ἐστιν,</em></span> <span class='ocrx_word' id='word_1_169' title='bbox 735 2227 762 2275; x_wconf 90' lang='grc' dir='ltr'>ὁ</span> <span class='ocrx_word' id='word_1_170' title='bbox 815 2227 976 2292; x_wconf 77' lang='grc' dir='ltr'><em>ἄρξας</em></span> <span class='ocrx_word' id='word_1_171' title='bbox 1027 2234 1115 2287; x_wconf 83' lang='grc' dir='ltr'>τῆς</span> <span class='ocrx_word' id='word_1_172' title='bbox 1162 2227 1347 2291; x_wconf 79' lang='grc' dir='ltr'><em>πληγῆς</em></span> <span class='ocrx_word' id='word_1_173' title='bbox 1397 2226 1578 2286; x_wconf 71' lang='grc' dir='ltr'><strong><em>φονεὺς</em></strong></span> <span class='ocrx_word' id='word_1_174' title='bbox 1611 2228 1857 2291; x_wconf 80' lang='grc' dir='ltr'><em>γίγνεται.</em></span> 
     </span>
     <span class='ocr_line' id='line_1_24' title="bbox 281 2311 1863 2373; baseline 0 -15"><span class='ocrx_word' id='word_1_175' title='bbox 281 2311 555 2373; x_wconf 87' lang='lat' dir='ltr'>Postquam</span> <span class='ocrx_word' id='word_1_176' title='bbox 591 2311 816 2359; x_wconf 86' lang='lat' dir='ltr'>Reiskius</span> <span class='ocrx_word' id='word_1_177' title='bbox 831 2350 842 2367; x_wconf 94' lang='lat'>‚</span> <span class='ocrx_word' id='word_1_178' title='bbox 878 2312 987 2360; x_wconf 90' lang='lat' dir='ltr'>iure</span> <span class='ocrx_word' id='word_1_179' title='bbox 1016 2313 1229 2360; x_wconf 90' lang='lat' dir='ltr'>offensus</span> <span class='ocrx_word' id='word_1_180' title='bbox 1258 2312 1509 2370; x_wconf 88' lang='lat' dir='ltr'>oratione,</span> <span class='ocrx_word' id='word_1_181' title='bbox 1538 2312 1618 2359; x_wconf 93' lang='lat' dir='ltr'>cui</span> <span class='ocrx_word' id='word_1_182' title='bbox 1645 2311 1863 2359; x_wconf 86' lang='lat' dir='ltr'>alterum</span> 
     </span>
     <span class='ocr_line' id='line_1_25' title="bbox 282 2378 1862 2458; baseline 0 -16"><span class='ocrx_word' id='word_1_183' title='bbox 282 2395 590 2455; x_wconf 77' lang='lat' dir='ltr'>membrum,</span> <span class='ocrx_word' id='word_1_184' title='bbox 625 2396 687 2443; x_wconf 75' lang='lat' dir='ltr'>ad</span> <span class='ocrx_word' id='word_1_185' title='bbox 722 2378 855 2458; x_wconf 69' lang='lat' dir='ltr'>q&#39;uod</span> <span class='ocrx_word' id='word_1_186' title='bbox 889 2397 1134 2444; x_wconf 68' lang='lat' dir='ltr'>referatur</span> <span class='ocrx_word' id='word_1_187' title='bbox 1167 2396 1292 2444; x_wconf 73' lang='lat' dir='ltr'>illud</span> <span class='ocrx_word' id='word_1_188' title='bbox 1325 2399 1373 2444; x_wconf 64' lang='grc' dir='ltr'>εἴ</span> <span class='ocrx_word' id='word_1_189' title='bbox 1403 2415 1476 2455; x_wconf 65' lang='grc' dir='ltr'>τε,</span> <span class='ocrx_word' id='word_1_190' title='bbox 1512 2396 1666 2454; x_wconf 75' lang='lat' dir='ltr'>desit,</span> <span class='ocrx_word' id='word_1_191' title='bbox 1696 2396 1749 2442; x_wconf 85' lang='lat' dir='ltr'>m</span> <span class='ocrx_word' id='word_1_192' title='bbox 1778 2395 1862 2443; x_wconf 76' lang='lat' dir='ltr'>ad-</span> 
     </span>
     <span class='ocr_line' id='line_1_26' title="bbox 279 2480 1864 2540; baseline 0.001 -13"><span class='ocrx_word' id='word_1_193' title='bbox 279 2481 542 2528; x_wconf 83' lang='lat' dir='ltr'>notatione</span> <span class='ocrx_word' id='word_1_194' title='bbox 588 2481 650 2527; x_wconf 87' lang='lat' dir='ltr'>ad</span> <span class='ocrx_word' id='word_1_195' title='bbox 695 2481 828 2529; x_wconf 89' lang='lat' dir='ltr'>hunc</span> <span class='ocrx_word' id='word_1_196' title='bbox 873 2482 1039 2529; x_wconf 92' lang='lat' dir='ltr'>locum</span> <span class='ocrx_word' id='word_1_197' title='bbox 1084 2482 1246 2529; x_wconf 89' lang='lat' dir='ltr'>multa</span> <span class='ocrx_word' id='word_1_198' title='bbox 1294 2481 1528 2529; x_wconf 92' lang='lat' dir='ltr'>disseruit</span> <span class='ocrx_word' id='word_1_199' title='bbox 1562 2480 1622 2529; x_wconf 91' lang='lat' dir='ltr'>de</span> <span class='ocrx_word' id='word_1_200' title='bbox 1656 2480 1864 2540; x_wconf 86' lang='lat' dir='ltr'>lacuna,</span> 
     </span>
     <span class='ocr_line' id='line_1_27' title="bbox 280 2564 1863 2628; baseline 0.001 -17"><span class='ocrx_word' id='word_1_201' title='bbox 280 2580 432 2627; x_wconf 89' lang='lat' dir='ltr'>quam</span> <span class='ocrx_word' id='word_1_202' title='bbox 466 2565 635 2612; x_wconf 86' lang='lat' dir='ltr'>adesse</span> <span class='ocrx_word' id='word_1_203' title='bbox 669 2566 1039 2627; x_wconf 90' lang='lat' dir='ltr'>suspicabatur,</span> <span class='ocrx_word' id='word_1_204' title='bbox 1076 2567 1248 2628; x_wconf 88' lang='lat' dir='ltr'>postea</span> <span class='ocrx_word' id='word_1_205' title='bbox 1280 2566 1332 2612; x_wconf 92' lang='lat' dir='ltr'>in</span> <span class='ocrx_word' id='word_1_206' title='bbox 1368 2564 1727 2614; x_wconf 84' lang='lat' dir='ltr'>accessionibus</span> <span class='ocrx_word' id='word_1_207' title='bbox 1759 2565 1863 2613; x_wconf 40' lang='lat' dir='ltr'>*suis</span> 
     </span>
     <span class='ocr_line' id='line_1_28' title="bbox 280 2649 1864 2713; baseline 0.001 -17"><span class='ocrx_word' id='word_1_208' title='bbox 280 2650 342 2696; x_wconf 91' lang='lat' dir='ltr'>ad</span> <span class='ocrx_word' id='word_1_209' title='bbox 377 2649 742 2711; x_wconf 86' lang='lat' dir='ltr'>Antiphontem</span> <span class='ocrx_word' id='word_1_210' title='bbox 778 2651 887 2709; x_wconf 85' lang='lat' dir='ltr'>via,</span> <span class='ocrx_word' id='word_1_211' title='bbox 922 2666 1074 2713; x_wconf 90' lang='lat' dir='ltr'>quam</span> <span class='ocrx_word' id='word_1_212' title='bbox 1111 2651 1173 2697; x_wconf 90' lang='lat' dir='ltr'>ad</span> <span class='ocrx_word' id='word_1_213' title='bbox 1207 2650 1481 2699; x_wconf 89' lang='lat' dir='ltr'>tollendam</span> <span class='ocrx_word' id='word_1_214' title='bbox 1516 2649 1864 2698; x_wconf 88' lang='lat' dir='ltr'>difficultatem</span> 
     </span>
     <span class='ocr_line' id='line_1_29' title="bbox 279 2733 1865 2797; baseline -0.001 -16"><span class='ocrx_word' id='word_1_215' title='bbox 279 2734 463 2782; x_wconf 88' lang='lat' dir='ltr'>inierat</span> <span class='ocrx_word' id='word_1_216' title='bbox 477 2771 488 2793; x_wconf 91' lang='lat'>,</span> <span class='ocrx_word' id='word_1_217' title='bbox 521 2734 717 2782; x_wconf 84' lang='lat' dir='ltr'>deserta</span> <span class='ocrx_word' id='word_1_218' title='bbox 731 2772 742 2790; x_wconf 95' lang='lat'>‚</span> <span class='ocrx_word' id='word_1_219' title='bbox 781 2751 869 2796; x_wconf 91' lang='lat' dir='ltr'>pro</span> <span class='ocrx_word' id='word_1_220' title='bbox 902 2735 1080 2784; x_wconf 87' lang='lat' dir='ltr'>vocula</span> <span class='ocrx_word' id='word_1_221' title='bbox 1109 2738 1158 2783; x_wconf 77' lang='grc' dir='ltr'>εἴ</span> <span class='ocrx_word' id='word_1_222' title='bbox 1182 2754 1231 2784; x_wconf 81' lang='grc' dir='ltr'>τε</span> <span class='ocrx_word' id='word_1_223' title='bbox 1261 2735 1536 2797; x_wconf 91' lang='lat' dir='ltr'>simplicem</span> <span class='ocrx_word' id='word_1_224' title='bbox 1564 2733 1865 2796; x_wconf 86' lang='lat' dir='ltr'>particulam</span> 
     </span>
     <span class='ocr_line' id='line_1_30' title="bbox 280 2817 1865 2881; baseline -0.002 -14"><span class='ocrx_word' id='word_1_225' title='bbox 280 2822 324 2867; x_wconf 88' lang='grc' dir='ltr'>εὶ·</span> <span class='ocrx_word' id='word_1_226' title='bbox 368 2819 540 2881; x_wconf 90' lang='lat' dir='ltr'>reponi</span> <span class='ocrx_word' id='word_1_227' title='bbox 589 2819 748 2866; x_wconf 91' lang='lat' dir='ltr'>iussit.</span> <span class='ocrx_word' id='word_1_228' title='bbox 785 2819 928 2868; x_wconf 91' lang='lat' dir='ltr'>Hanc</span> <span class='ocrx_word' id='word_1_229' title='bbox 962 2820 1294 2868; x_wconf 89' lang='lat' dir='ltr'>coniecturam</span> <span class='ocrx_word' id='word_1_230' title='bbox 1333 2819 1429 2868; x_wconf 89' lang='lat' dir='ltr'>viri</span> <span class='ocrx_word' id='word_1_231' title='bbox 1463 2818 1596 2866; x_wconf 91' lang='lat' dir='ltr'>docti</span> <span class='ocrx_word' id='word_1_232' title='bbox 1629 2817 1865 2880; x_wconf 83' lang='lat' dir='ltr'>amplecti</span> 
     </span>
     <span class='ocr_line' id='line_1_31' title="bbox 283 2899 1864 2966; baseline -0.001 -15"><span class='ocrx_word' id='word_1_233' title='bbox 283 2899 435 2966; x_wconf 86' lang='lat' dir='ltr'>quam</span> <span class='ocrx_word' id='word_1_234' title='bbox 477 2919 590 2952; x_wconf 92' lang='lat' dir='ltr'>cum</span> <span class='ocrx_word' id='word_1_235' title='bbox 634 2904 916 2953; x_wconf 86' lang='lat' dir='ltr'>Maetznero</span> <span class='ocrx_word' id='word_1_236' title='bbox 963 2905 1178 2953; x_wconf 87' lang='lat' dir='ltr'>alterum</span> <span class='ocrx_word' id='word_1_237' title='bbox 1214 2905 1277 2952; x_wconf 90' lang='lat' dir='ltr'>ab</span> <span class='ocrx_word' id='word_1_238' title='bbox 1313 2905 1512 2952; x_wconf 86' lang='lat' dir='ltr'>oratore</span> <span class='ocrx_word' id='word_1_239' title='bbox 1545 2917 1864 2965; x_wconf 85' lang='lat' dir='ltr'>suppressum</span> 
     </span>
     <span class='ocr_line' id='line_1_32' title="bbox 283 2987 1859 3051; baseline -0.002 -14"><span class='ocrx_word' id='word_1_240' title='bbox 283 3004 390 3037; x_wconf 83' lang='lat' dir='ltr'>esse·</span> <span class='ocrx_word' id='word_1_241' title='bbox 422 2990 706 3037; x_wconf 90' lang='lat' dir='ltr'>membrum</span> <span class='ocrx_word' id='word_1_242' title='bbox 741 2991 961 3038; x_wconf 88' lang='lat' dir='ltr'>statuere</span> <span class='ocrx_word' id='word_1_243' title='bbox 995 2990 1206 3037; x_wconf 89' lang='lat' dir='ltr'>malunt.</span> <span class='ocrx_word' id='word_1_244' title='bbox 1243 2988 1348 3037; x_wconf 86' lang='lat' dir='ltr'>Nec</span> <span class='ocrx_word' id='word_1_245' title='bbox 1377 3003 1470 3051; x_wconf 87' lang='lat' dir='ltr'>ego</span> <span class='ocrx_word' id='word_1_246' title='bbox 1507 2987 1706 3036; x_wconf 87' lang='lat' dir='ltr'>Reiskio</span> <span class='ocrx_word' id='word_1_247' title='bbox 1741 3001 1859 3035; x_wconf 91' lang='lat' dir='ltr'>con-</span> 
     </span>
    </p>
   </div>
   <div class='ocr_carea' id='block_1_3' title="bbox 1939 0 2014 314">
    <p class='ocr_par' dir='ltr' id='par_1_5' title="bbox 1939 0 2014 314">
     <span class='ocr_line' id='line_1_33' title="bbox 1939 0 2014 314; baseline 0 3098"><span class='ocrx_word' id='word_1_248' title='bbox 1939 0 2014 314; x_wconf 95' lang='lat' dir='ltr'> </span> 
     </span>
    </p>
   </div>
  </div>
 </body>
</html>
