2014 3412
1017 303 1046 350 3

288 429 339 479 N
353 445 364 478 :
398 429 688 479 oxoniensis
704 466 715 488 ,
767 430 1121 492 bombycinus,
1170 432 1384 494 scriptus
1430 434 1628 482 saeculo
1676 435 1823 495 XIV,

220 513 437 564 fortasse
465 530 527 564 ex
555 515 730 564 eodem
759 514 974 563 Athonis
1002 516 1308 565 monasterio
1339 517 1592 566 oriundus,
1615 518 1825 568 Constat

224 600 318 649 hoc
361 600 684 664 apographon
729 617 774 649 a.
817 600 940 651 1764
974 602 1028 648 in
1064 601 1421 651 bibliothecam
1457 603 1821 652 Meermannia-

223 700 346 734 nam
381 685 620 749 migrasse
651 685 733 744 (cf.
767 685 1067 734 Jernstedtii
1101 687 1186 734 1.1.
1223 702 1334 750 pag.
1366 687 1587 749 XXIII),
1616 690 1749 738 unde
1773 691 1824 738 id

225 785 259 819 a
284 770 561 820 Gaisfordio
593 771 835 820 Oxoniam
859 771 1084 819 delatum
1105 787 1210 820 esse
1223 810 1235 831 ,
1254 774 1513 822 contendit
1531 774 1618 823 Ed.
1639 775 1824 823 Maetz-

224 873 375 907 nerus
402 858 456 905 in
485 857 718 907 editionis
746 872 866 905 suae
895 857 1208 919 praefatione
1237 874 1348 921 pag.
1381 859 1488 908 XV.
1509 860 1669 909 Hodie
1689 864 1824 910 certe

223 943 295 993 ibi
329 945 499 993 exstat
531 944 586 991 in
621 943 925 992 bibliotheca
958 943 1231 992 Bodleiana
1259 944 1466 993 Auctar.
1502 946 1553 994 Τ.
1591 947 1668 1006 II,
1703 947 1748 994 8.

292 1028 466 1077 Oritur
509 1029 591 1078 hic
626 1029 857 1091 quaestio
873 1065 885 1088 ‚
920 1030 1096 1076 utrum
1131 1044 1191 1077 ex
1225 1030 1302 1077 his
1337 1032 1637 1094 apographis
1675 1033 1825 1081 alter-

225 1115 333 1164 utri
376 1117 600 1178 praestet
643 1114 887 1163 bonitate.
935 1114 1049 1163 Cod.
1098 1114 1390 1164 Oxoniensis
1405 1153 1416 1175 ,
1465 1133 1495 1164 a
1541 1117 1825 1167 Maetznero

227 1201 433 1251 demum
461 1216 522 1250 ex
555 1201 775 1250 tenebris
805 1203 1107 1263 protractUS‚
1138 1201 1316 1249 statim
1333 1238 1344 1260 ,
1375 1203 1436 1249 ut
1453 1202 1560 1250 fieri
1579 1202 1681 1252 fere
1701 1204 1828 1252 solet

225 1288 280 1336 in
313 1287 464 1336 rebus
497 1287 641 1336 novis
659 1325 670 1347 ,
705 1287 935 1335 aemulus
971 1287 1171 1335 exstitit
1206 1287 1413 1335 alterius
1429 1325 1440 1347 ,
1478 1303 1536 1336 eo
1572 1304 1728 1351 usque
1763 1289 1826 1336 ab

226 1372 460 1422 omnibus
505 1372 730 1435 probati,
767 1372 945 1421 codicis
981 1371 1273 1435 Crippsiani.
1311 1373 1628 1422 Maetznerus
1663 1374 1798 1423 enim
1814 1411 1826 1434 ,

227 1461 498 1523 postquam
540 1459 595 1507 in
641 1474 761 1507 suae
795 1459 1030 1507 editionis
1066 1474 1214 1507 usum
1250 1459 1384 1507 hunc
1420 1460 1640 1508 codicem
1677 1476 1824 1509 excu-

129 1552 135 1557 ‘
226 1545 458 1594 tiendum
493 1545 693 1594 curavit
709 1582 720 1604 ,
755 1546 958 1592 tantam
993 1545 1099 1592 eius
1126 1545 1425 1592 lectionibus
1455 1545 1558 1593 vim
1591 1546 1831 1594 attribuit

226 1632 280 1680 et
323 1631 713 1690 auctoritatem,
749 1632 810 1678 ut
843 1645 963 1692 prae
1001 1630 1070 1678 eis
1104 1630 1221 1678 libri
1255 1630 1300 1678 A
1343 1631 1582 1680 lectiones
1620 1632 1828 1695 vilipen-

227 1716 416 1766 dendas
449 1718 672 1779 putaret.
709 1715 887 1778 Neque
920 1715 1091 1778 potuit
1127 1715 1188 1763 H.
1210 1715 1457 1779 Sauppius
1473 1754 1484 1776 ,
1503 1717 1590 1779 qui
1605 1717 1659 1764 in
1678 1733 1828 1780 quae-

229 1802 478 1852 stionibus
523 1802 627 1851 suis
672 1802 1045 1864 Antiphonteis,
1094 1801 1365 1865 Gottingae
1405 1802 1557 1863 1861,
1592 1804 1748 1852 codici
1784 1803 1828 1851 A

227 1889 570 1954 principatum
604 1889 860 1938 vindicare
895 1889 1133 1937 studebat
1148 1927 1159 1948 ,
1195 1889 1470 1938 Maetzneri
1503 1890 1727 1939 fautores
1766 1892 1829 1939 ab

228 1975 335 2024 eius
379 1975 544 2024 codice
590 1974 913 2023 dilectissimo
961 1975 1264 2023 abalienare.
1315 1974 1524 2024 Secutus
1571 1977 1705 2024 enim
1753 1982 1829 2025 est

227 2059 360 2108 Frid.
407 2060 655 2119 Blassius,
689 2060 777 2122 qui
811 2075 913 2109 non
949 2060 1113 2108 solum
1146 2060 1200 2107 in
1235 2060 1426 2123 priore,
1462 2061 1548 2109 sed
1583 2063 1738 2110 etiam
1774 2063 1827 2109 in

228 2146 429 2215 alteraQ
476 2161 631 2208 quam
677 2146 902 2204 curavit,
949 2146 1280 2208 Antiphontis
1327 2146 1573 2206 editione,
1619 2148 1737 2195 libri
1779 2148 1827 2196 N

228 2231 470 2281 lectiones
514 2247 606 2294 pro
640 2231 972 2280 fundamento
1007 2232 1177 2294 posuit
1193 2269 1204 2291 ,
1240 2247 1356 2280 cum
1392 2232 1583 2280 dudum
1619 2234 1830 2282 meliora

231 2332 348 2367 eum
378 2317 628 2367 docuisset
645 2317 702 2365 R.
724 2316 1026 2366 Schoellius:
1046 2316 1354 2366 Fleckeiseni
1372 2319 1640 2368 annalibus
1660 2319 1830 2381 (1871)

228 2405 270 2452 t.
315 2402 446 2452 0111.
492 2418 605 2466 pag.
655 2403 748 2453 297
786 2418 920 2466 seqq.
958 2402 1032 2451 Ut
1068 2403 1144 2450 ita
1178 2405 1351 2451 autem
1389 2404 1602 2464 faceret,
1640 2420 1697 2453 eo
1733 2406 1832 2454 for-

229 2491 367 2538 tasse
401 2488 599 2538 facilius
634 2489 880 2537 adductus
910 2490 1013 2548 est,
1043 2488 1176 2550 quod
1204 2488 1291 2536 isti
1320 2489 1478 2538 codici
1507 2505 1666 2552 aeque
1685 2491 1830 2539 enixo

230 2575 285 2623 et
326 2589 487 2638 paene
535 2574 692 2624 etiam
740 2574 932 2622 maiore
981 2573 1148 2621 studio
1195 2574 1544 2636 patrocinatus
1580 2579 1691 2624 erat
1725 2579 1803 2626 vir
1820 2615 1831 2637 ,

229 2662 455 2710 ceterum
490 2661 686 2724 egregie
719 2660 780 2709 de
809 2658 1126 2722 Antiphonte
1146 2658 1382 2719 meritus,
1403 2659 1534 2709 Vict.
1554 2661 1830 2710 Iernstedt-

229 2746 338 2795 ium
384 2746 518 2807 dico,
567 2747 708 2795 cuius
750 2746 903 2795 editio
938 2745 1090 2808 paulo
1126 2746 1246 2792 ante
1282 2746 1539 2807 prodierat
1574 2747 1829 2810 Petropoli

231 2847 277 2880 a.
318 2831 458 2880 1880.
492 2831 589 2881 Hic
623 2832 757 2881 enim
786 2831 864 2880 vir
893 2829 1196 2878 clarissimus
1212 2866 1224 2889 ,
1254 2830 1395 2878 cuius
1421 2831 1654 2895 diligenti
1671 2833 1831 2881 labori

229 2917 663 2966 accuratissimam
708 2917 947 2966 debemus
993 2915 1259 2977 utriusque
1293 2918 1570 2981 apographi
1605 2919 1829 2967 collatio-

228 3017 347 3052 nem
362 3042 374 3065 ,
419 3019 574 3067 quam
618 3004 722 3067 ipse
767 3001 1112 3066 praeiudicata
1159 3001 1394 3063 opinione
1430 3006 1607 3066 captus
1643 3004 1803 3067 egerit
1818 3041 1830 3064 ,
