2014 3412
938 302 994 350 81

166 433 259 482 καὶ
302 432 544 494 βεβαιῶν
591 430 709 486 τοὺς
743 431 968 493 πρώτους
1003 429 1186 493 λόγους
1224 429 1293 483 ὡς
1328 426 1537 486 ἀληθεῖς
1570 426 1764 489 εἰρημέ-

166 535 300 574 νους.
348 518 499 566 Vides
547 517 710 579 primo
756 516 1021 578 adspectu,
1070 529 1282 577 pravam
1329 528 1435 561 esse
1479 512 1607 559 hane
1652 525 1766 558 eon-

165 604 502 661 iunetionem‚
553 617 915 665 perperamque
969 600 1097 648 adici
1148 600 1325 649 verba:
1378 598 1472 645 καὶ
1523 597 1768 659 βεβαιῶν

168 706 216 754 q.
251 704 308 749 s.‚
356 703 486 751 quae
520 688 697 750 utique
731 686 963 750 ponenda
997 685 1204 734 fuerant
1238 686 1358 733 ante
1393 685 1450 732 τὸ
1484 683 1769 731 τελευταῖον

169 775 451 840 ἀπώμωξεν
491 775 609 822 cett.
658 772 787 829 Quid
835 771 1029 820 multa‘l
1065 770 1245 819 Nonne
1280 770 1474 818 duobus
1510 769 1648 818 vitiis
1683 768 1768 815 ad-

169 860 331 910 hiberi
373 860 542 923 potest
576 873 680 906 una
715 857 996 906 eommunis
1029 855 1309 904 medicina&
1363 854 1524 903 Conor
1561 854 1742 902 saltem
1759 889 1771 913 ‚

169 962 285 996 oum
329 945 598 1008 legendum
643 956 888 1006 propono:
934 940 1102 1002 ἐπειδὴ
1148 939 1204 989 δὲ
1249 941 1508 990 ἐπαύσατο
1542 940 1770 1001 βασανι·

170 1035 408 1095 ζόμενος,
451 1031 624 1080 ου’κέτι
671 1030 767 1090 ἔφη
801 1048 864 1089 με
900 1030 1091 1078 τούτων
1124 1027 1408 1092 εἰργάσθαι
1444 1025 1620 1082 οὐδέν,
1660 1024 1767 1073 ἀλλ’

172 1119 461 1182 ἐβεβαίωσε
495 1116 612 1173 τοὺς
649 1116 878 1180 πρώτους
910 1114 1093 1179 λόγους
1123 1115 1191 1169 ὡς
1222 1113 1430 1173 ἀληθεῖς
1447 1113 1771 1177 εἰρημένους,

172 1206 266 1255 καὶ
299 1205 358 1253 τὸ
390 1204 675 1252 τελευταῖον
710 1200 986 1264 ἀπῴμωξεν
1024 1202 1119 1261 ἐμέ
1153 1220 1203 1248 τε
1239 1201 1330 1248 καὶ
1367 1201 1528 1248 αὑτὸν
1565 1200 1634 1255 ὡς
1667 1196 1774 1245 ἀδί-

174 1308 278 1347 κως
323 1289 727 1351 ἀπολλυμένους,
772 1287 832 1335 ου’
865 1287 1047 1351 χάριτι
1083 1292 1139 1348 τῇ
1176 1287 1267 1348 ἐμῇ
1308 1315 1365 1321 -—-
1403 1291 1510 1342 πῶς
1544 1286 1643 1350 γάρ
1656 1305 1678 1343 ,·
1716 1276 1774 1332 οὗ

174 1395 229 1442 γε
271 1376 614 1437 κατεψεύσατο
666 1403 758 1432 ——,
794 1372 898 1420 ἀλλ’
937 1373 1370 1438 ἀναγκαζόμενος
1405 1374 1502 1421 ὑπὸ
1536 1377 1624 1420 τοῦ
1660 1371 1773 1428 αλη·

177 1467 323 1519 θοῦς.
371 1462 444 1511 De
491 1461 586 1509 hae
626 1460 791 1507 altera
826 1460 1114 1508 coniectura
1148 1453 1206 1507 οὗ
1241 1478 1293 1523 γε
1327 1474 1417 1522 pro
1453 1458 1681 1507 oodieum
1717 1456 1775 1511 ὅς

176 1567 229 1614 γε
263 1548 497 1598 videatur
530 1547 875 1595 Bohlmannus
909 1561 1023 1608 pag.
1061 1544 1136 1593 24.

241 1635 381 1683 Licet
427 1634 599 1682 textus
645 1632 738 1680 hoe
786 1630 934 1679 modo
978 1631 1101 1678 satis
1147 1632 1280 1679 reete
1325 1630 1634 1678 constitutus
1672 1642 1776 1676 esse

175 1719 335 1771 videri
367 1717 552 1782 possit,
588 1718 787 1776 tamen,
819 1744 878 1750 —
910 1715 1031 1778 quid
1060 1715 1298 1778 impedit,
1325 1714 1596 1777 quominus
1613 1713 1704 1760 illa
1722 1713 1781 1759 τὸ

176 1804 233 1855 δὲ
277 1806 588 1862 τελευταῖον,
626 1817 729 1851 non
764 1801 916 1849 nimis
952 1800 1202 1864 urgenda,
1238 1801 1313 1848 ita
1347 1815 1459 1848 eum
1502 1799 1781 1864 ἀπῴμωξεν

177 1892 568 1954 coniungamu8‚
601 1890 662 1936 ut
694 1889 978 1937 vertamus:
1013 1886 1179 1935 finivit
1214 1886 1496 1934 miserando
1532 1901 1613 1933 me
1648 1887 1701 1934 et
1730 1900 1783 1933 se

179 1978 345 2041 ipsum
389 1975 593 2038 pariter.
642 1973 737 2022 Sed
773 1974 826 2021 et
858 1973 913 2019 in
947 1972 1042 2020 hae
1077 1971 1410 2034 explicatione
1445 1972 1675 2020 remanet
1710 1971 1781 2018 al-

179 2065 294 2112 tera
326 2060 595 2109 difficultas
629 2059 684 2106 in
718 2057 990 2119 Partioipio
1026 2057 1270 2118 βεβαιῶν
1303 2057 1481 2119 posita.

244 2146 370 2208 542.
416 2147 586 2194 ἔπειτα
633 2144 687 2192 δὲ
735 2145 763 2193 ὁ
810 2147 976 2207 ἕτερος
1023 2143 1324 2208 ἄνθρωπος,
1373 2144 1402 2192 ὁ
1449 2143 1505 2192 ἐν
1539 2150 1607 2206 τῷ
1644 2143 1781 2206 αὐτῷ

181 2235 336 2298 πλοίῳ
370 2234 532 2281 πλέων
567 2232 660 2280 καὶ
694 2230 871 2295 παρὼν
906 2228 999 2278 διά
1035 2231 1211 2286 τέλους
1246 2229 1337 2277 καὶ
1373 2230 1543 2277 συνών
1576 2247 1695 2290 μοι,
1726 2234 1783 2290 τῇ

182 2322 306 2382 αὐτῇ
364 2318 586 2382 βασάνῳ
642 2318 1070 2380 βασανιζόμενος
1129 2323 1240 2372 τοῖς
1288 2315 1387 2377 μὲν
1433 2317 1649 2379 πρώτοις
1695 2316 1788 2363 καὶ

182 2413 292 2462 τοῖς
334 2408 546 2470 ὕστερον
589 2405 719 2467 (lege
766 2419 882 2452 eum
930 2403 1266 2451 Herwerdeno
1313 2403 1576 2463 ὑστάτοις)
1611 2403 1790 2467 λόγοις

180 2501 293 2549 τοῖς
327 2497 416 2542 τοῦ
452 2492 727 2554 ἀνθρώπου
765 2492 1065 2553 συνεφέρετο
1101 2489 1171 2544 ὡς
1206 2489 1459 2548 ἀληθέσιν
1490 2488 1790 2552 εἰρημένοις,

183 2578 274 2629 διά
308 2579 487 2635 τέλους
523 2578 621 2643 γάρ
656 2595 718 2636 με
754 2575 962 2627 ἀπέλυε,
1003 2583 1114 2631 τοῖς
1151 2573 1207 2623 δὲ
1245 2576 1328 2624 ἐπὶ
1364 2580 1452 2623 τοῦ
1486 2581 1678 2638 τροχοῦ
1713 2574 1791 2622 λε·

180 2669 448 2731 γομένοις,
486 2666 575 2720 οὓς
611 2664 803 2716 ἐκεῖνος
838 2661 1039 2726 ἀνάγκῃ
1077 2661 1275 2722 μᾶλλον
1315 2664 1342 2721 ἢ
1379 2660 1592 2725 ἀληθείᾳ
1628 2660 1789 2723 ἔλεγε,

183 2752 385 2807 τούτοις
435 2748 491 2799 δὲ
544 2749 816 2813 διεφέρετο.
873 2747 1079 2810 Semper
1129 2747 1288 2810 igitur
1338 2747 1419 2795 hie
1471 2747 1603 2794 alter
1637 2746 1785 2794 testis

186 2852 268 2885 me
314 2837 490 2899 eulpae
536 2836 818 2883 immunem
865 2847 970 2881 esse
1016 2833 1392 2895 perseverabat;
1443 2833 1701 2889 attamen,
1750 2830 1792 2878 si

187 2937 362 2971 revera
418 2921 576 2970 scelus
622 2918 1004 2976 commisissem,
1054 2919 1135 2966 hie
1179 2918 1408 2966 omnium
1453 2915 1693 2964 facillime
1741 2915 1791 2962 id

185 3008 311 3057 seire
355 3007 527 3071 potuit
543 3043 555 3067 ‚
603 3007 783 3068 utpote
825 3004 912 3066 qui
947 3003 1123 3052 eadem
1160 3019 1360 3052 meeum
1395 3018 1515 3051 usus
1550 3001 1618 3049 sit
1651 3000 1798 3060 navi,

1580 3087 1600 3118 6
