2014 3412
959 278 1019 327 93

175 402 344 452 colon:
406 402 513 451 ἀλλ’
572 401 680 454 οὐδ’
733 398 880 463 ἦλθεν
933 403 1014 452 ἐπὶ
1065 409 1270 462 τοῦτον,
1325 404 1600 467 quidquam
1653 406 1771 455 novi

172 489 397 551 praebet.
443 489 784 550 Sententiam,
828 491 968 551 (nam
1002 489 1063 537 de
1098 489 1262 538 verbis
1299 488 1426 536 nihil
1462 489 1583 551 scio)
1617 505 1771 552 quam

173 573 296 622 olim
330 574 579 624 exstitisse
612 574 830 623 arbitror
843 611 856 634 ‚
890 574 1013 623 haee
1047 573 1150 623 fere
1185 575 1285 622 est:
1322 602 1383 608 -
1413 575 1505 622 οὐκ
1535 576 1748 634 ἠξίωσεν
1764 591 1775 601 ·

172 661 347 708 καίτοι
391 660 600 709 κάλλιόν
643 679 699 725 γε
741 655 803 720 ἦν
848 660 967 709 ἄνευ
1010 658 1257 708 κινδύνου
1296 660 1574 717 ἐπεξελθεῖν
1622 663 1772 725 αὐτῷ.

171 747 360 796 τούτων
394 745 441 795 δ’
475 748 605 808 ὑμῖν
633 747 751 803 τους
780 747 1047 811 μάρτυρας
1077 750 1487 809 παρασχήσομαι
1508 749 1623 808 (sec.
1643 749 1671 808 ἓ
1692 747 1774 808 28)

169 832 275 882 vel:
311 834 503 882 τούτων
541 831 597 881 δὲ
633 833 898 898 μάρτυράς
931 851 1025 895 μοι
1060 833 1200 881 κάλει
1235 835 1348 894 (sec.
1386 832 1531 894 {35}

235 917 360 979 563.
406 919 498 967 καὶ
542 917 641 979 μὲν
691 917 752 978 δὴ
799 919 893 967 καὶ
927 926 1015 978 τῆς
1049 919 1235 982 χρείας
1272 926 1362 978 τῆς
1398 919 1521 981 ἐμῆς
1557 919 1649 966 καὶ
1684 925 1773 978 τῆς

167 1006 403 1054 Λυκίνου
447 1011 596 1054 τοῦτο
631 1006 760 1067 ὑμῖν
793 1011 1042 1070 μέγιστον
1079 1007 1356 1069 τεκμήριόν
1390 1007 1560 1064 ἐστιν,
1598 1005 1680 1053 ὅτι
1715 1005 1774 1053 οὗ

167 1089 370 1156 σφόδρα
408 1093 652 1156 ἐχρώμην
688 1092 787 1157 ἐγὼ
820 1094 1028 1156 Λυκίνῳ
1064 1092 1220 1155 φίλῳ,
1257 1092 1326 1147 ὡς
1356 1092 1525 1140 πάντα
1557 1099 1769 1152 ποιῆσαι

166 1177 236 1226 ἂν
269 1178 335 1226 τοὶ
370 1178 542 1242 ἐκείνῳ
581 1177 847 1226 δοκοῦντα.
883 1178 1022 1226 Licet
1043 1178 1180 1242 ⁴haec
1207 1177 1434 1226 fortassis
1462 1192 1641 1239 parum
1672 1178 1770 1226 ele-

166 1265 346 1327 ganter
379 1263 515 1312 diota
548 1264 652 1313 sint
686 1266 739 1313 et
773 1265 1023 1327 αὐστηρόν
1050 1263 1179 1311 illud
1210 1263 1296 1311 καὶ
1326 1262 1585 1328 ἀρχαῖον,
1616 1263 1771 1325 (quod

166 1348 495 1413 Antiphontis
544 1351 797 1400 orationes
844 1351 1031 1413 ubique
1077 1365 1198 1413 prae
1235 1365 1286 1398 se
1319 1349 1449 1397 ferre
1484 1349 1770 1398 observavit

164 1435 433 1499 Dionysius
460 1436 914 1486 Halicarnassensis
949 1439 1011 1484 de
1046 1437 1186 1484 Isaeo
1220 1450 1333 1498 pag.
1377 1435 1482 1483 111.
1523 1437 1551 1495 ἓ
1569 1435 1653 1497 42)
1688 1435 1770 1483 hie

167 1522 352 1585 magis,
397 1538 552 1586 quam
598 1523 806 1571 auribus
852 1522 1037 1571 nostris
1082 1522 1304 1584 placeat,
1356 1536 1643 1583 expressum
1677 1521 1770 1580 sit,

165 1609 341 1657 tamen
374 1623 477 1657 non
512 1609 676 1657 ausim
712 1624 776 1658 ne
806 1609 1090 1657 Hartmano
1118 1607 1322 1670 quidem
1352 1612 1404 1655 et
1432 1606 1768 1656 Herwerdeno

166 1693 481 1752 auctoribus,
517 1695 802 1758 magistello
837 1694 1044 1743 reddere
1079 1693 1320 1752 molesta,
1357 1707 1487 1755 quae
1513 1692 1767 1752 videntur,

165 1778 340 1828 verba:
390 1786 480 1840 τῆς
523 1784 709 1845 χρείας
754 1787 845 1840 τῆς
891 1781 1016 1841 ἐμῆς
1066 1780 1159 1827 καὶ
1207 1786 1296 1839 τῆς
1340 1780 1589 1827 Λυκινου.
1639 1778 1767 1835 Quid

167 1864 331 1926 enim,
364 1881 572 1929 quaeso,
608 1867 850 1915 faciemus
885 1867 945 1915 de
979 1867 1167 1916 verbis:
1207 1868 1300 1914 καὶ
1333 1871 1481 1915 τοῦτο
1516 1867 1647 1927 ὑμῖν
1679 1867 1767 1927 με’-

165 1968 348 2016 γιστον
397 1954 671 2016 τεκμήριόν
723 1953 894 2009 ἐστιν,
945 1968 1074 2015 quae
1120 1954 1235 2000 tum
1280 1954 1487 2000 tantum
1533 1967 1585 2000 se
1630 1953 1767 2000 reete

165 2038 437 2099 haberent,
471 2040 513 2087 si
545 2040 599 2088 in
634 2040 730 2100 eis,
764 2055 894 2102 quae
929 2054 1218 2102 praegressa
1247 2040 1396 2098 sunt,
1423 2039 1645 2086 alterum
1662 2038 1766 2085 iam

165 2124 227 2172 de
259 2124 379 2185 hae,
412 2140 542 2188 quae
574 2127 792 2188 negatur
806 2163 818 2185 ,
851 2125 1201 2172 familiaritate
1236 2124 1493 2186 prolatum
1524 2125 1655 2172 esset
1686 2139 1764 2171 ar-

167 2211 484 2272 gumentum.
539 2210 680 2266 Quod
725 2213 900 2259 autem
946 2211 1010 2258 ad
1055 2210 1377 2258 difficultates
1395 2247 1407 2270 ‚
1454 2211 1635 2273 quibus
1680 2211 1766 2258 ad-

166 2295 347 2344 ductus
398 2296 711 2345 Hartmanus
766 2297 858 2344 illa
910 2297 1065 2346 verba
1110 2296 1254 2359 quasi
1301 2297 1555 2345 emblema
1599 2296 1766 2345 deleta

166 2381 308 2442 vult,
343 2384 468 2445 puto
501 2382 835 2432 locutionem:
873 2390 963 2444 τῆς
997 2401 1183 2447 χρειας
1211 2387 1485 2447 τεκμήριον
1517 2412 1578 2417 —
1598 2383 1679 2432 ὅτι
1709 2383 1767 2431 οὗ

167 2466 371 2532 σφόδρα
417 2469 656 2534 ἐχρώμην
701 2470 948 2532 (ineptam
983 2485 1098 2518 eam
1133 2471 1282 2519 vocat
1315 2470 1394 2518 vir
1428 2469 1767 2531 doctissimus)

164 2569 196 2602 a
236 2555 519 2605 verbosiore
565 2555 895 2618 Antiphontis
941 2555 1137 2604 dicendi
1169 2570 1351 2618 genere
1386 2570 1489 2603 non
1523 2555 1646 2604 adeo
1682 2556 1767 2603 ab·

166 2639 369 2689 horrere
383 2679 394 2697 ,
441 2643 502 2689 ut
543 2641 655 2690 ideo
704 2641 1035 2689 abiudioanda
1079 2641 1183 2689 sint
1228 2641 1433 2690 oratori.
1471 2641 1624 2690 Recte
1660 2657 1766 2690 mo-

165 2724 282 2774 nuit
334 2725 588 2775 Reiskius:
635 2734 724 2787 τῆς
765 2729 952 2791 χρείας
997 2726 1131 2775 idem
1177 2728 1344 2776 valere
1394 2741 1477 2775 ae:
1526 2728 1633 2791 περὶ
1677 2737 1767 2787 τῆς

167 2813 365 2875 χρείας.
401 2811 635 2862 Ceterum
669 2813 920 2873 confer-ae,
955 2828 1085 2875 quae
1119 2813 1179 2861 de
1214 2813 1308 2861 hae
1342 2812 1535 2861 dicendi
1569 2814 1767 2862 ratione

167 2897 449 2960 disputavit
493 2898 808 2947 Maetznerus
854 2914 965 2961 pag.
1016 2897 1137 2958 229,
1172 2899 1537 2961 praecipueque
1572 2899 1738 2948 locum
1755 2937 1766 2959 ,

167 2997 318 3044 quem
351 2983 422 3032 ibi
454 2983 720 3032 laudatum
753 2983 1002 3044 invenies,
1038 2986 1212 3032 nostro
1241 2984 1478 3042 similem,
1507 2985 1609 3033 soil.
1631 2985 1764 3046 583:
