2014 3412
932 301 992 352 75

167 427 262 486 τὴν
303 426 572 492 ἀγγελίαν,
619 429 700 476 ὅτι
746 428 948 490 ἀφανὴς
994 433 1090 489 εὶή
1124 431 1225 492 (vel
1261 432 1424 492 ἐστιν)
1461 433 1488 479 ὁ
1522 432 1664 496 ἀνὴρ·
1702 434 1762 480 ου’

167 512 268 578 γάρ
299 512 369 561 ἄν
401 532 518 563 ποτε
552 515 768 579 ᾠχόμην
803 516 975 564 πλέων.
1011 515 1146 564 Nam
1174 517 1250 564 ita
1279 517 1405 564 mihi
1433 532 1522 579 per
1540 518 1762 565 semicoli

167 599 368 662 signum
402 600 864 664 interpungendum
898 602 1101 650 videtur
1132 604 1247 664 post
1279 603 1444 650 πλέων
1459 640 1470 662 ,
1506 604 1625 664 quia
1654 618 1762 651 ver-

166 685 257 734 ba:
302 686 364 734 οὐ
397 685 494 751 γάρ
529 687 598 736 ἄν
628 706 741 735 ποτε
777 688 995 751 ᾠχόμην
1030 687 1190 736 πλέων
1226 688 1370 750 quasi
1404 688 1761 750 parentheseos

165 770 275 820 loco
308 771 481 821 addita
513 775 647 821 sunt.
702 819 705 822 ,
1438 826 1441 828 ,

232 857 356 918 ἓ35.
393 859 588 908 τούτων
623 857 679 906 δὲ
713 859 977 923 μάρτυράς
1009 878 1102 921 μοι
1138 859 1294 907 κάλει.
1328 858 1463 906 Scire
1493 858 1762 921 pervelim,

168 942 290 1004 quid
338 944 429 1002 sit,
467 959 556 991 cur
590 944 851 1007 Antiphon
885 946 1178 993 constanter
1212 944 1266 991 in
1300 943 1519 992 formula
1554 947 1761 1008 παρέξο-

165 1046 268 1088 μαι
294 1028 376 1077 vel
405 1034 817 1093 παρασχήσομαι
850 1030 966 1085 τοὺς
982 1029 1251 1093 μάρτυρας
1268 1067 1278 1088 ,
1297 1029 1569 1076 articulum
1588 1029 1762 1088 addat,

168 1113 379 1162 omittat
431 1115 604 1163 autem
655 1115 709 1162 in
759 1116 950 1164 verbis:
1004 1116 1145 1163 κάλει
1196 1115 1474 1178 μάρτυρας.
1528 1114 1580 1162 Si
1629 1116 1764 1163 enim

167 1200 399 1247 nostrum
441 1201 570 1247 fflset
587 1236 598 1258 ‚
631 1200 905 1248 articulum
942 1202 1034 1247 aut
1067 1200 1249 1248 addere
1286 1202 1377 1247 aut
1411 1199 1672 1259 omittere,
1706 1200 1765 1246 li-

166 1283 348 1332 benter
396 1284 624 1333 audirem
677 1285 1074 1333 Schoemannum
1090 1322 1102 1344 ,
1154 1285 1242 1347 qui
1291 1285 1354 1331 ad
1404 1284 1601 1332 Isaeum
1655 1300 1764 1347 pag.

176 1367 268 1416 190
310 1368 543 1417 adnotat:
597 1370 711 1432 „qui
758 1371 975 1418 scribam
1009 1370 1199 1419 excitat
1233 1369 1292 1416 ad
1331 1371 1486 1417 testes
1520 1369 1765 1417 advocan-

167 1452 284 1512 dos,
319 1455 480 1502 eertos
513 1455 757 1516 quosdam
792 1457 845 1503 et
878 1455 965 1517 qui
999 1455 1116 1502 huic
1151 1455 1263 1502 noti
1296 1454 1399 1502 sint
1434 1454 1581 1502 citari
1608 1454 1766 1512 iubet,

170 1538 498 1600 quamobrem
547 1540 820 1587 articulum
865 1539 982 1586 addi
1028 1539 1269 1588 orationis
1314 1539 1449 1601 leges
1483 1538 1764 1602 flagitant.''

170 1621 296 1670 Cum
330 1625 504 1671 autem
538 1625 713 1686 procul
748 1624 899 1672 dubio
923 1624 1018 1672 hac
1044 1624 1098 1671 in
1126 1640 1180 1672 re
1198 1625 1418 1672 multum
1441 1624 1766 1672 tribuendum

102 1751 104 1753 ,
167 1707 236 1756 sit
282 1708 423 1767 usui,
466 1710 520 1757 et
563 1709 766 1770 quidem
803 1710 1193 1772 uniuscuiusque
1229 1710 1482 1772 scriptoris
1517 1710 1658 1768 usui,
1691 1709 1766 1756 in-

166 1791 476 1855 vestigatum
507 1793 660 1842 velim
675 1830 686 1852 ‚
715 1809 924 1842 curnam
948 1794 1077 1842 varii
1097 1795 1361 1856 scriptores
1378 1795 1432 1841 in
1451 1809 1553 1841 una
1571 1794 1766 1843 eadem-

167 1891 266 1940 que
309 1877 529 1926 formula
572 1879 855 1927 adhibenda
894 1880 1006 1945 tam
1048 1879 1372 1927 vehementer
1417 1879 1552 1927 inter
1584 1894 1635 1926 se
1670 1879 1766 1926 dis-

167 1965 386 2026 crepent.
433 1963 694 2026 Antiphon
738 1964 874 2031 enim
888 2000 900 2023 ,
945 1964 987 2011 si
1022 1964 1226 2026 quidem
1260 1964 1520 2013 Reutzelio
1536 2001 1547 2023 ,
1583 1965 1766 2012 exerci-

166 2048 424 2097 tationum
475 2049 766 2096 criticarum
818 2064 930 2111 pag.
984 2048 1062 2108 66,
1111 2039 1317 2097 'nostrae
1369 2050 1611 2097 orationis
1645 2053 1672 2110 ἓ
1703 2050 1763 2096 22

167 2133 400 2182 voculam
453 2135 574 2189 τούς
623 2133 860 2182 excidisse
914 2134 1189 2193 statuenti,
1240 2134 1601 2193 assentiemur,
1656 2135 1765 2182 ubi-

167 2233 266 2280 que
328 2218 599 2266 articulum
645 2218 787 2266 addit
835 2218 888 2265 in
932 2218 1212 2266 locutione:
1259 2222 1589 2283 παρέχεσθαι
1648 2221 1766 2275 τοὺς

167 2302 460 2367 μάρτυρας,
507 2303 702 2352 omittit
747 2305 921 2350 autem
969 2302 1023 2349 in
1060 2303 1297 2350 formula:
1335 2304 1478 2352 κάλει
1511 2323 1603 2365 μοι
1637 2307 1767 2369 μάρ-

171 2407 356 2452 τυρας,
400 2404 531 2451 quae
563 2388 639 2436 bis
673 2389 879 2435 tantum
915 2387 1183 2435 adhibetur
1218 2390 1246 2447 ἓ
1266 2388 1325 2435 35
1363 2392 1413 2436 et
1452 2389 1574 2448 556.
1622 2391 1692 2438 At
1726 2390 1768 2438 si

170 2473 406 2537 inspicias
452 2473 720 2521 Andocidis
767 2472 1017 2520 orationes
1034 2509 1045 2530 ‚
1091 2472 1306 2533 reperies
1357 2473 1544 2534 ubique
1586 2474 1639 2521 in
1675 2475 1769 2522 hac

171 2559 337 2608 altera
378 2557 600 2607 formula
615 2595 626 2616 ‚
674 2572 794 2604 nam
833 2556 1050 2618 priorem
1084 2556 1227 2602 illam
1264 2557 1506 2618 sprevisse
1542 2557 1743 2606 videtur
1758 2596 1769 2618 ,

171 2643 342 2693 adesse
387 2642 688 2701 articulum,
722 2642 824 2690 scil.
861 2642 971 2705 περὶ
1005 2647 1107 2689 τῶν
1141 2644 1433 2705 μυστηρίων
1468 2644 1524 2702 ἐξ
1545 2642 1620 2691 28.
1663 2643 1768 2692 123.

177 2726 293 2785 137;
340 2727 511 2776 Isaeus
555 2742 697 2783 vero,
746 2727 833 2789 qui
878 2728 1171 2774 constanter
1217 2726 1357 2773 addit
1401 2720 1674 2775 articulum
1718 2729 1772 2776 in

171 2813 266 2861 hac
313 2812 557 2871 formula,
601 2812 655 2859 in
702 2812 889 2860 altera:
942 2812 1088 2871 (τοὺς)
1141 2812 1408 2877 μάρτυρας
1445 2817 1773 2876 παρέχεσθαι

172 2897 405 2947 voculam
441 2898 559 2952 τούς
592 2899 701 2944 tam
737 2911 882 2958 saepe
916 2897 1111 2945 omittit
1147 2913 1301 2959 quam
1337 2898 1490 2946 addit.
1536 2898 1675 2954 Quod
1708 2898 1773 2945 ad

172 2981 404 3045 Lysiam:
451 2982 672 3044 quinque
730 2982 851 3030 locis
896 2982 949 3029 in
984 2982 1090 3030 eius
1124 2983 1436 3031 orationibus
1471 2985 1637 3031 exstat
1671 2983 1768 3031 for-
