2014 3412
1089 315 1115 362 2

309 439 465 486 attico
480 475 491 497 ,
525 440 616 486 aut
649 439 950 501 Antiphonti
982 440 1162 488 saltem
1197 439 1571 498 abiudicentur,
1607 439 1667 487 cf.
1695 439 1758 487 Η.
1787 454 1888 488 van

308 522 627 582 Hervverden,
662 524 983 586 Mnemosyne
1017 540 1065 571 n.
1099 539 1135 571 S.
1164 524 1261 583 IX,
1296 539 1408 586 pag.
1447 523 1539 571 203
1568 524 1726 585 (cuius
1753 538 1886 572 scru-

309 608 440 669 pulis
490 608 553 655 ad
597 609 865 656 dictionem
912 609 1250 671 spectantibus
1297 624 1336 656 e.
1379 624 1424 671 g.
1470 609 1651 671 opponi
1696 609 1889 670 potest,

301 692 433 753 quod
468 693 624 740 etiam
666 692 735 739 VI
775 692 850 752 §4
886 693 939 740 in
970 693 1216 740 codicibus
1245 693 1431 755 legitur
1459 693 1644 741 forma:
1676 693 1888 742 παλαιό-

300 794 458 835 τατα,
489 778 551 825 ab
584 778 972 826 Atheniensibus
1003 793 1198 840 semper
1225 780 1414 840 spreta;
1446 778 1505 826 cf.
1536 778 1692 840 ipsius
1717 779 1886 827 adnot.

303 863 486 910 Mnem.
534 863 630 921 XI,
665 858 776 925 pag.
812 863 925 923 221)
959 864 1011 910 et
1045 863 1457 925 Dittenbergerus
1491 863 1709 911 Hermae
1742 863 1888 923 XVI,

306 963 417 1010 pag.
465 947 575 995 329.
622 946 806 995 Contra
841 947 929 994 hos
965 949 1139 994 autern
1167 947 1323 1006 viros,
1353 949 1412 994 ut
1439 947 1499 996 de
1528 947 1638 994 aliis
1664 950 1888 1007 taceam,

302 1033 578 1080 rectissime
623 1047 704 1080 eas
740 1032 1081 1080 oratiunculas
1115 1032 1416 1094 Antiphonti
1451 1033 1725 1081 vindicavit
1757 1033 1804 1081 J.
1840 1032 1889 1081 J.

303 1117 615 1165 Hartmanus
650 1117 843 1174 „studia
870 1116 1244 1178 Antiphontea”
1274 1117 1327 1163 in
1357 1118 1729 1179 programmate
1748 1131 1889 1180 gym-

303 1202 431 1249 nasii
466 1202 719 1250 Leidensis
758 1201 906 1260 1882,
942 1216 1052 1263 pag.
1091 1200 1297 1249 36-39.

371 1287 466 1345 At,
500 1289 560 1334 ut
593 1287 714 1334 haec
750 1286 1076 1344 omittamus,
1111 1301 1292 1348 magna
1325 1287 1427 1333 iam
1444 1323 1456 1345 ‚
1492 1301 1620 1348 quae
1652 1286 1890 1349 impedit,

304 1372 570 1434 quominus
602 1371 927 1433 Antiphontis
957 1371 1195 1433 reliquiae
1224 1386 1339 1419 cum
1369 1372 1701 1420 delectatione
1725 1372 1889 1435 legan-

302 1459 411 1516 tur,
458 1457 602 1505 adest
647 1442 809 1504 causa.
857 1456 1095 1511 Quamvis
1142 1457 1277 1504 enim
1315 1457 1615 1505 immensam
1649 1472 1736 1519 per
1769 1457 1890 1506 haec

306 1545 523 1604 quatuor
568 1541 807 1590 decennia
847 1541 941 1588 viri
986 1541 1119 1588 docti
1162 1556 1369 1603 ,operam
1404 1541 1702 1590 navaverint
1736 1542 1890 1604 expli-

304 1626 473 1674 candis
525 1628 577 1673 et
626 1625 946 1673 emendandis
997 1625 1292 1673 Rhamnusii
1343 1627 1651 1675 orationibus
1667 1663 1679 1686 ‚
1725 1627 1889 1675 multa

305 1714 474 1759 tamen
516 1719 629 1766 τοῖς
664 1712 922 1775 ἐπιγόνοις
956 1711 1268 1772 reliquerunt
1304 1711 1616 1773 explananda
1653 1714 1706 1760 et
1740 1712 1887 1760 corri-

304 1797 478 1859 genda.
525 1796 657 1844 Nam
693 1797 972 1844 miserrime
1006 1795 1303 1857 depravatas
1338 1796 1574 1844 lectiones
1609 1797 1706 1845 duo
1734 1797 1888 1859 potis-

306 1881 490 1928 simum
520 1910 580 1916 —
609 1883 669 1928 ut
698 1881 757 1929 de
788 1881 962 1928 ceteris
979 1919 990 1939 ,
1025 1895 1151 1941 quae
1182 1894 1239 1927 ex
1259 1880 1319 1927 iis
1338 1880 1578 1943 originem
1596 1882 1888 1940 traxerunt,

305 1968 500 2013 taceam
535 1995 594 2000 —
634 1966 776 2013 nobis
825 1966 1037 2012 tradunt
1088 1965 1395 2027 apographa;
1448 1966 1508 2014 de
1560 1966 1740 2029 quibus
1785 1967 1888 2014 iam

304 2051 585 2098 accuratius
619 2050 894 2097 dicendum.
933 2050 1153 2105 Quorum
1188 2050 1325 2111 prius
1361 2052 1438 2098 est

371 2136 440 2182 A:
470 2135 622 2183 codex
652 2134 968 2196 Crippsianus
985 2171 996 2192 ,
1021 2134 1454 2193 membranaceus,
1485 2135 1571 2197 qui
1591 2135 1744 2183 etiam
1762 2135 1887 2183 Bur-

305 2220 514 2268 neianus
558 2220 840 2282 appellatur
881 2218 997 2279 (95).
1045 2218 1191 2265 Hunc
1226 2219 1469 2278 codicem,
1504 2220 1748 2281 scriptum
1781 2235 1886 2269 sae-

306 2304 416 2353 culo
462 2304 611 2363 XIII,
656 2319 770 2351 cum
816 2318 875 2351 ex
919 2303 1218 2364 Batopedio,
1249 2304 1434 2351 montis
1469 2304 1678 2352 Athonis
1713 2320 1886 2354 mona-

307 2389 486 2448 sterio,
516 2405 546 2436 a
574 2389 796 2450 principe
825 2388 1042 2450 quodam
1059 2402 1232 2450 graeco
1251 2387 1735 2451 Constantinopolim
1753 2390 1884 2438 dela-

306 2476 388 2521 tus
408 2477 536 2522 esset
562 2472 640 2534 (cf.
661 2473 718 2520 V.
738 2472 771 2520 J
772 2472 1031 2520 ernstedtii
1049 2471 1279 2519 editionis
1298 2473 1504 2534 praefat.
1525 2488 1635 2536 pag.
1657 2474 1887 2536 XXVII),

307 2558 339 2606 J
341 2573 383 2606 o.
415 2559 560 2605 Mart.
589 2558 760 2619 Cripps
781 2557 1054 2604 Britannus
1073 2556 1197 2604 emit
1213 2592 1224 2614 ,
1244 2558 1569 2619 emptumque
1586 2557 1885 2606 Londinium

306 2643 503 2690 detulit.
540 2643 617 2690 Ibi
650 2658 694 2689 a.
737 2641 858 2687 1812
904 2641 956 2687 in
995 2640 1102 2688 Car.
1152 2640 1356 2688 Burneii
1391 2641 1742 2690 bibliothecam
1776 2657 1884 2705 per-

309 2728 475 2786 venit,
509 2742 637 2788 quae
673 2726 821 2788 paulo
857 2727 1122 2787 postquam
1149 2724 1392 2772 Burneius
1412 2726 1503 2773 sub
1520 2725 1672 2774 finem
1691 2741 1735 2773 a.
1761 2726 1883 2777 1817

308 2812 459 2860 morti
477 2812 724 2871 occubuit,
744 2825 914 2858 museo
933 2809 1223 2857 Britannico
1242 2809 1478 2858 adiuncta
1495 2812 1587 2870 est,
1606 2811 1692 2858 ubi
1709 2811 1884 2860 deinde
1985 2807 1991 2811 ⁸

309 2898 530 2959 (Burney
561 2896 636 2944 95.
672 2897 798 2958 plut.
835 2895 973 2942 CLX.
1003 2894 1062 2954 D)
1103 2895 1404 2942 asservatur.

373 2983 515 3031 Alter
549 2982 701 3030 codex
735 2983 812 3029 est
