2014 3412
6 1379 24 1466 ἑὲ

6 1464 23 1554 ἷι

6 1775 14 1810 222⁷
5 1703 18 1760 ,κρῖ

0 3247 6 3254 .-
0 3239 3 3241 -
0 2770 10 3232 v--s—-x—-v-r—v—-r—v-vv-rw-pw-

0 3259 7 3412 ,πη-σ’-

958 304 1018 352 65

185 428 287 481 tita
318 430 412 490 sit,
448 430 661 488 delenti,
699 431 932 480 assentiri
962 446 1062 479 non
1092 446 1312 494 possum.
1333 431 1483 480 Cuius
1502 432 1785 480 sententiae

133 507 136 511 ’
186 515 388 579 gavisus
449 530 562 563 sum
612 531 694 564 me
746 517 939 565 socium
987 516 1171 564 habere
1220 516 1388 564 virum
1441 513 1784 564 doctissimum

188 599 557 660 Hartmanum‚
607 601 694 662 qui
744 601 832 649 1.].
885 616 997 663 pag.
1037 600 1097 647 23
1134 615 1204 662 sq.
1251 600 1471 648 alterum
1509 600 1677 662 potius
1712 600 1783 666 lo-

186 698 303 733 cum
336 699 398 733 ex
430 687 604 734 nostro
638 685 994 747 depromptum
1029 700 1136 733 esse
1171 687 1354 732 censet.
1385 684 1455 732 At
1482 687 1543 732 ut
1570 700 1755 733 novam
1773 722 1784 744 ‚

187 784 318 831 quae
346 769 465 818 hinc
492 770 680 829 oritur,
712 769 1114 831 disquisitionem
1133 769 1185 816 in
1204 772 1463 831 posterum
1482 770 1784 827 differamus,

185 853 365 916 utique
398 854 559 902 nostri
582 854 680 903 loci
711 854 864 903 verba
888 853 1108 916 genuina
1132 856 1271 916 puto.
1303 854 1619 916 Quamquam
1637 854 1783 912 inest,

187 938 284 987 nisi
332 938 482 987 fallor
497 975 509 998 ,
559 939 746 988 vitium
760 953 771 998 ;
826 953 1008 1000 nempe
1056 939 1309 1000 particula
1360 958 1414 1003 γε
1464 940 1578 1001 post
1631 938 1784 987 verba

187 1023 407 1087 ὑπάρχει
440 1026 539 1085 μέν
572 1023 882 1072 difficultatis
917 1023 1066 1086 plena
1100 1026 1200 1082 est,
1235 1038 1350 1070 cum
1383 1023 1501 1071 huic
1533 1023 1665 1081 loco,
1699 1022 1786 1069 ubi

186 1124 277 1172 per
337 1109 644 1172 particulam
693 1108 1048 1170 explicativam
1100 1107 1452 1156 antecedentia
1502 1107 1786 1155 accuratius

186 1194 479 1256 exponenda
525 1195 668 1251 sunt,
714 1193 856 1240 nulla
870 1229 882 1252 ,
926 1207 1055 1254 quae
1099 1192 1308 1241 voculae
1353 1210 1408 1254 γε
1450 1192 1584 1239 inest
1617 1191 1758 1239 notio
1774 1227 1786 1250 ‚

187 1279 468 1328 conveniat.
520 1277 648 1334 Quid
701 1278 768 1324 sit
811 1277 1188 1326 rescribendum
1205 1313 1216 1335 ,
1263 1276 1410 1324 docet
1453 1277 1592 1324 locus
1638 1276 1786 1324 modo

107 1399 110 1401 -
185 1363 423 1411 laudatus
462 1362 542 1411 VI.
578 1363 607 1422 ἓ
637 1362 692 1422 2,
737 1362 825 1410 ubi
870 1362 922 1410 id
956 1362 1122 1424 ipsum
1158 1363 1351 1420 exstat,
1385 1361 1519 1423 quod
1552 1361 1645 1409 hoc
1677 1361 1786 1408 loco

185 1448 487 1511 requiritur:
524 1447 637 1511 γάρ.

253 1535 282 1594 5
302 1532 388 1581 16:
424 1534 597 1582 ἔπειτα
635 1531 690 1581 δὲ
726 1533 828 1595 οὐχ
857 1534 928 1588 ὡς
963 1535 1210 1580 πιστεύων
1239 1537 1306 1595 τῷ
1336 1532 1598 1596 πράγματι
1617 1530 1784 1590 ἀναμ-

187 1619 522 1680 φισβητήτως
549 1622 642 1667 ἕνα
672 1619 763 1666 τὸν
793 1617 968 1682 ἀγῶνα
1000 1618 1110 1680 περὶ
1129 1624 1216 1666 τοῦ
1233 1618 1536 1681 πράγματος
1554 1617 1782 1676 ἐποιήσω,

189 1704 318 1753 ἀλλά
363 1704 762 1766 ἀμφισβήτησιν
802 1704 894 1752 καὶ
929 1704 1082 1767 λόγον
1115 1703 1350 1752 ὑπελίπου
1386 1704 1455 1758 ὡς
1489 1703 1580 1750 καὶ
1614 1699 1786 1750 τοῖσδε

189 1796 302 1846 τοῖς
346 1789 630 1845 δικασταῖς
667 1789 976 1849 ἀπιστήσων.
1013 1788 1194 1837 Orator
1227 1789 1492 1851 perhibens
1527 1789 1784 1836 accusato-

186 1889 294 1924 rem
341 1889 445 1924 sese
490 1873 688 1931 ἀδίκως
722 1874 971 1922 ἀπολέσαι
1004 1873 1205 1921 studere
1222 1910 1233 1932 ,
1268 1873 1487 1921 alterum
1502 1907 1515 1930 ,
1552 1872 1684 1935 quod
1721 1872 1786 1918 ad

187 1959 282 2008 hoc
326 1959 773 2009 demonstrandum
819 1959 1008 2022 profert
1025 1995 1036 2017 ‚
1071 1959 1434 2020 argumentum
1467 1958 1543 2004 ita
1575 1957 1628 2003 in
1663 1956 1785 2003 duas

188 2046 359 2107 partes
402 2044 688 2104 distribuit,
735 2046 796 2093 ut
841 2045 894 2092 in
939 2044 1129 2106 priore,
1176 2043 1297 2105 quid
1331 2042 1647 2091 adversarius
1682 2056 1783 2089 non

185 2128 389 2189 fecerit,
440 2129 494 2177 in
545 2130 732 2189 altera,
775 2129 897 2191 quid
943 2129 1144 2188 fecerit,
1183 2129 1374 2177 doceat.
1412 2128 1494 2176 Ita
1529 2127 1756 2176 videmus
1774 2163 1785 2185 ‚

185 2216 526 2263 accusatorem
572 2214 634 2263 de
678 2231 782 2263 una
826 2214 1101 2276 eademque
1148 2229 1299 2262 causa
1343 2218 1480 2273 (nam
1525 2227 1627 2260 non
1660 2213 1785 2274 puto

186 2298 396 2348 dubium
440 2314 571 2359 esse,
615 2300 738 2362 quin
783 2299 971 2348 Reiskii
1013 2300 1127 2362 περὶ
1169 2305 1255 2348 τοῦ
1292 2299 1450 2347 αὐτοῦ
1485 2298 1789 2362 πράγματος

185 2385 504 2434 rescribentis
538 2386 828 2434 coniectura
862 2386 1121 2447 probanda
1150 2385 1237 2446 sit)
1267 2400 1369 2433 non
1398 2399 1559 2431 unum
1588 2397 1788 2445 parasse

187 2469 429 2518 iudicium
444 2506 456 2529 ‚
506 2470 593 2519 sed
638 2471 805 2518 totam
841 2470 1213 2518 accusationem
1249 2469 1323 2515 ita
1358 2467 1638 2515 instituisse
1654 2504 1666 2525 ‚
1702 2469 1763 2514 ut
1779 2503 1790 2524 ,

189 2554 232 2602 si
264 2569 380 2604 reus
415 2555 675 2603 absolutus
709 2556 865 2612 esset,
896 2555 1058 2603 altera
1088 2554 1193 2602 eius
1223 2552 1590 2602 condemnandi
1619 2567 1789 2614 super—

186 2640 316 2687 esset
358 2639 566 2688 occasio.
603 2638 678 2686 En
712 2639 932 2687 astutiae
967 2639 1062 2687 viri
1092 2639 1249 2687 dolosi
1279 2640 1330 2686 et
1359 2636 1687 2685 fraudulenti.
1726 2665 1776 2671 —

185 2723 344 2771 Adest
375 2724 535 2787 igitur
561 2724 810 2787 oppositio
836 2724 971 2772 inter
1000 2724 1177 2772 verba:
1198 2724 1290 2772 ov³x
1309 2723 1787 2783 ἀναμφισβητήτως

187 2812 280 2859 ἕνα
330 2810 422 2859 τὸν
471 2810 650 2874 ἀγῶνα
705 2811 919 2868 ἐποιήσω
970 2810 1023 2857 et
1063 2808 1462 2870 ἀμφισβήτησιν
1510 2808 1603 2855 καὶ
1636 2808 1788 2870 λόγον

185 2896 434 2944 ὑπιλίπου.
472 2895 743 2957 Hucusque
778 2894 949 2943 omnia
983 2895 1118 2942 recte
1147 2894 1477 2956 praecedunt;
1516 2895 1568 2939 at
1606 2892 1648 2939 si
1682 2892 1784 2939 iam

186 2980 433 3029 accedunt
449 3017 461 3040 ‚
505 2994 635 3042 quae
679 2994 781 3027 non
816 2980 1050 3041 spectant
1084 2978 1147 3026 ad
1181 2977 1602 3027 corroborandam
1637 2991 1787 3039 oppo-

1572 3063 1590 3093 ὅ
