2014 3412
1042 303 1102 350 32

279 441 392 474 cum
442 427 594 475 verba
644 427 834 475 inserta
883 427 1102 475 alterum
1152 427 1606 496 praegredientium
1648 428 1865 478 efficiant

279 512 561 560 membrum
575 548 587 571 ,
638 527 863 574 quaeque
898 527 957 560 ex
1002 512 1165 574 priore
1200 514 1568 573 consequantur
1581 549 1594 572 ,
1627 513 1862 563 indicent.

277 595 381 644 Nec
414 597 662 658 particula
696 596 793 660 γάρ
826 597 919 644 hoc
953 596 1098 644 modo
1135 595 1310 644 nativa
1345 611 1435 643 sua
1469 597 1520 644 vi
1555 600 1718 658 caret,
1749 613 1864 647 eum

278 682 528 729 sententia
541 718 552 739 ,
586 697 736 744 quam
766 682 991 729 instituit
1005 718 1016 740 ,
1043 681 1271 728 stabiliat
1299 683 1351 729 et
1380 684 1516 730 certa
1545 684 1696 744 atque
1721 683 1865 731 firma

278 765 454 813 reddat
505 766 682 824 verba,
734 766 913 827 quibus
963 766 1035 813 rei
1085 767 1228 827 pater
1270 766 1455 814 iudices
1500 766 1760 827 hortatur,
1805 770 1866 817 ut

279 864 472 908 severe,
516 850 647 897 iuste
690 851 867 912 pieque
902 852 953 898 et
987 852 1155 898 sancte
1191 853 1361 911 agant,
1398 867 1522 900 neve
1557 852 1728 914 iniquo
1763 853 1863 902 lae-

278 936 403 983 dant
435 935 615 983 iudicio
649 935 726 982 ius
764 935 1044 982 humanum
1080 937 1232 997 atque
1266 936 1507 984 divinum.

343 1020 598 1067 Restituto
626 1019 797 1082 igitur,
823 1022 884 1067 ut
913 1035 1053 1082 spero
1068 1059 1080 1077 ,
1110 1020 1243 1068 iusto
1268 1020 1437 1068 ordine
1455 1022 1836 1071 enuntiatorum
1851 1059 1864 1082 ,

278 1107 438 1152 restat
483 1105 644 1152 altera
684 1104 945 1151 difficultas
980 1104 1311 1163 removenda,
1344 1119 1472 1166 quae
1505 1105 1668 1166 posita
1702 1108 1779 1155 est
1810 1106 1864 1154 in

279 1190 467 1238 verbis:
510 1194 602 1249 τήν
635 1208 687 1237 τε
721 1190 808 1237 οὖν
841 1189 1111 1250 εὐσέβειαν
1146 1191 1337 1237 τούτων
1370 1195 1472 1238 τῶν
1506 1194 1864 1255 πραχθέντων,

280 1289 493 1336 quorum
539 1289 602 1321 ne
646 1274 831 1321 Reiskii
878 1274 1078 1335 quidem
1131 1274 1514 1336 explicationem
1560 1276 1607 1323 h.
1627 1276 1659 1323 1.
1695 1291 1864 1324 conco-

279 1373 430 1419 quere
463 1359 619 1406 valeo.
674 1358 768 1414 Qui
801 1359 878 1406 vir
911 1359 1088 1406 doctus
1122 1360 1174 1406 et
1207 1374 1358 1422 sagax
1377 1396 1388 1418 ,
1423 1374 1561 1407 more
1594 1354 1683 1408 suo
1722 1375 1862 1408 aecu-

279 1444 389 1489 rate
423 1457 531 1489 rem
562 1444 829 1504 reputans,
860 1458 972 1491 eam
1000 1443 1190 1504 profert
1212 1443 1704 1505 interpretationem,
1734 1460 1862 1507 quae

279 1527 443 1575 verbis
473 1541 560 1588 per
588 1542 639 1574 se
667 1527 903 1590 spectatis
927 1527 1116 1588 optime
1148 1528 1436 1576 conveniat:
1472 1529 1732 1591 »εὐσέβεια
1761 1536 1864 1578 τῶν

279 1616 625 1675 πραχθέντων
659 1615 735 1660 est
769 1627 846 1660 res
877 1612 952 1659 ita
985 1614 1151 1674 gesta,
1188 1627 1275 1660 seu
1311 1612 1383 1660 rei
1417 1616 1585 1675 gestae
1621 1629 1679 1662 ea
1705 1614 1862 1674 ratio,

283 1700 342 1744 ut
394 1698 446 1744 in
496 1697 775 1759 peragenda
819 1697 1101 1744 reverentia
1142 1696 1347 1744 deorum
1392 1712 1480 1745 seu
1522 1699 1599 1746 ius
1638 1698 1864 1747 divinum

279 1784 657 1846 humanumque
684 1783 824 1830 nullo
852 1782 997 1830 modo
1027 1781 1328 1841 laederetur,
1357 1797 1433 1830 res
1451 1784 1620 1831 sancte
1636 1783 1863 1845 iusteque

281 1871 407 1916 acta.
461 1866 729 1916 αἰδεῖσθαι
778 1869 866 1925 τὴν
915 1872 1016 1915 τῶν
1066 1870 1407 1930 πραχθέντων
1457 1867 1726 1929 εὐσέβειαν
1758 1870 1862 1928 est,

280 1968 453 2002 cavere
497 1968 560 2000 ne
606 1969 712 2001 rem
728 1990 739 2012 ,
784 1953 925 2001 velut
970 1952 1262 2000 sceleratam
1279 1988 1290 2010 ,
1326 1951 1529 2013 punias,
1564 1967 1702 2012 eam,
1735 1966 1863 2014 quae

279 2038 332 2085 in
377 2053 428 2085 se
473 2038 540 2085 sit
583 2038 692 2101 pia,
727 2038 863 2085 iusta
899 2039 952 2084 et
985 2036 1204 2084 sancta.''
1259 2036 1442 2084 Videat
1475 2022 1709 2099 quisque,
1743 2036 1863 2099 quid

280 2122 341 2170 de
387 2123 479 2170 hac
519 2123 847 2184 explicatione
894 2123 1116 2178 statuat3
1165 2136 1254 2183 ego
1290 2123 1460 2169 autem
1496 2121 1559 2167 ad
1592 2121 1722 2168 hanc
1753 2136 1861 2183 per-

280 2206 431 2254 ducor
458 2207 789 2266 sententiam,
813 2207 872 2252 ut
890 2205 1087 2253 credam
1105 2242 1116 2264 ,
1134 2205 1393 2252 Reiskium
1406 2244 1416 2262 ‚
1436 2220 1534 2267 quo
1553 2208 1664 2253 erat
1680 2205 1862 2254 mentis

279 2290 509 2338 acumine
523 2327 535 2349 ,
570 2290 759 2352 optime
792 2290 998 2337 sensisse
1031 2289 1378 2336 difficultatem
1393 2326 1404 2348 ,
1439 2304 1567 2351 quae
1595 2290 1671 2337 his
1699 2290 1862 2339 verbis

279 2375 435 2434 inest,
470 2389 560 2422 nec
591 2377 764 2423 tamen
798 2389 975 2421 ausum
1011 2389 1115 2421 esse
1161 2373 1336 2421 audaci
1370 2389 1525 2421 manu
1558 2388 1669 2421 eam
1703 2389 1861 2424 remo-

279 2475 408 2508 vere.
477 2458 593 2506 Non
641 2461 750 2506 tam
800 2458 1155 2520 circumspecte
1204 2457 1307 2519 egit
1356 2457 1558 2505 Pahlius
1574 2494 1586 2517 ,
1637 2459 1723 2520 qui
1771 2474 1860 2521 pro

278 2547 471 2594 τούτων
505 2544 777 2592 rescribens
812 2547 970 2605 ἡμῶν,
1006 2543 1157 2591 verba
1192 2548 1295 2590 τῶν
1330 2546 1673 2604 πραχθέντων
1707 2543 1861 2592 deleri

278 2630 443 2688 iubet,
488 2657 551 2662 —-—
591 2643 688 2690 quo
735 2628 868 2686 iure,
915 2628 1020 2690 ipse
1073 2627 1268 2675 viderit.
1319 2626 1398 2674 Me
1443 2627 1602 2675 iudice
1618 2664 1630 2687 ,
1681 2627 1861 2688 verba,

279 2729 407 2776 quae
441 2714 667 2771 exstant,
703 2716 795 2771 τήν
830 2732 879 2761 τε
915 2712 999 2761 οὖν
1034 2712 1306 2771 εὐσέβειαν
1337 2713 1525 2760 τούτων
1557 2717 1660 2761 τῶν
1695 2731 1859 2775 πραχ·

281 2803 488 2855 θέντων,
524 2799 659 2844 recte
694 2810 745 2843 se
777 2796 1043 2855 haberent,
1079 2796 1120 2844 si
1153 2796 1220 2854 is,
1256 2795 1343 2857 qui
1380 2796 1532 2843 verba
1564 2795 1712 2856 facit,
1747 2812 1859 2845 con-

279 2884 522 2940 fiteretur,
567 2880 727 2927 filium
773 2881 972 2929 caedem
1006 2881 1231 2943 quidem,
1268 2879 1351 2927 sed
1385 2895 1486 2927 non
1519 2881 1859 2930 voluntariam

279 2968 481 3016 caedem
525 2965 841 3014 commisisse.
892 2965 1017 3014 Cum
1061 2980 1178 3015 vero
1223 2979 1286 3012 ne
1329 2964 1422 3012 hoc
1454 2965 1654 3027 quidem
1687 2981 1856 3015 conce-
