2014 3412
950 304 1010 355 27

179 430 283 479 iam
295 430 447 480 verbo
464 431 632 494 attigi,
652 422 1019 480 sententiarum
1038 445 1243 480 conexu.
1260 431 1577 494 Quamquam
1590 432 1782 494 dicunt,

180 530 284 565 sese
319 531 347 564 e
379 530 496 565 vero
525 517 680 564 simili
709 517 1028 575 convincere,
1056 532 1137 565 me
1166 517 1338 566 sceleri
1371 517 1644 565 obnoxium
1662 533 1783 578 esse,

179 602 354 650 tamen
387 616 488 650 non
523 602 790 664 perhibent
824 617 942 650 vero
977 602 1168 662 simile,
1206 602 1292 650 sed
1326 604 1523 651 certum
1554 618 1658 651 esse
1673 641 1684 662 ,
1703 619 1784 651 me

179 687 374 736 facinus
408 688 728 736 commisisse.
761 687 937 750 Neque
967 687 1118 735 aliter
1142 703 1224 736 me
1242 690 1454 750 possunt
1472 688 1783 748 convincere,

179 787 301 821 nam
332 773 442 836 ipsa
475 773 802 836 probabilitas
837 788 918 821 me
953 788 1056 822 non
1085 774 1390 822 condemnat
1406 811 1417 833 ‚
1447 773 1530 822 sed
1550 774 1782 822 absolvit.

181 859 341 916 Quam
386 859 513 909 bene
545 860 598 908 in
633 860 787 919 hanc,
823 875 977 922 quam
1013 860 1138 907 mihi
1171 860 1388 922 reperire
1422 859 1595 908 videor
1631 875 1783 922 oppo-

179 945 414 995 sitionem
459 945 708 1007 quadrent
754 959 914 1007 seqq.:
952 946 980 993 ὅ
1015 965 1066 994 τε
1101 945 1198 1010 γάρ
1232 952 1648 1009 καταμαρτυρῶν
1681 964 1782 1006 μου

180 1030 398 1088 ἄπιστος
429 1031 723 1096 ε’λήλεγκται
741 1033 812 1079 ὤν
830 1046 876 1093 q.
897 1046 934 1078 s.
954 1046 1058 1079 non
1077 1033 1156 1079 est
1173 1068 1184 1090 ‚
1203 1031 1337 1093 quod
1356 1031 1583 1093 pluribus
1602 1031 1782 1079 dicam.

179 1117 344 1166 Facile
377 1117 495 1166 hinc
524 1117 868 1180 intellegitur,
894 1116 1020 1164 nihil
1041 1116 1178 1164 aliud
1198 1116 1506 1179 exspectari,
1524 1117 1649 1164 nisi:
1671 1132 1785 1180 pro-

179 1202 417 1251 babilitas
451 1203 588 1266 ipsa,
622 1203 655 1250 i.
692 1217 732 1251 e.
768 1202 834 1250 τά
869 1200 1094 1251 δἐἰκότα
1131 1202 1313 1251 αὐτά.

245 1287 450 1335 Ibidem:
502 1288 532 1338 ὃ
583 1307 634 1337 τε
677 1289 777 1353 γάρ
821 1294 1234 1353 καταμαρτυρῶν
1278 1307 1381 1352 μου
1418 1287 1640 1343 ἄπιστος
1676 1287 1785 1348 ἐλή-

178 1373 386 1439 λεγκται
437 1375 529 1434 ὤν,
563 1374 598 1445 ὅ.
646 1393 696 1422 τε
741 1374 956 1439 ἔλεγχος
1002 1375 1096 1423 οὐκ
1142 1375 1278 1423 ἔστι·
1327 1375 1392 1422 τά
1438 1394 1490 1423 τε
1541 1378 1786 1437 τεκμήρια

180 1459 311 1521 ἐμά,
357 1460 419 1508 οὐ
462 1461 651 1510 τούτων
693 1460 819 1509 ὄντα
854 1459 1080 1520 ἐδήλωσα
1096 1476 1106 1486 ·
1144 1461 1208 1508 τά
1244 1479 1296 1509 τε
1333 1463 1461 1523 ἴχνη
1494 1466 1583 1508 τοῦ
1619 1462 1784 1520 φόνου

178 1546 272 1594 οὐκ
306 1545 381 1602 εἰς
416 1546 506 1607 ἐμὲ
546 1550 769 1609 φέροντα
806 1546 912 1594 ἀλλ’
947 1549 1022 1603 εἰς
1066 1547 1187 1602 τους
1205 1547 1587 1608 ἀπολυομένους
1605 1545 1786 1594 ἀποδέ-

180 1630 380 1681 δεικται
404 1632 679 1684 ὑπἀῠτῶν.
718 1631 990 1681 Schoellius
1023 1635 1076 1681 et
1104 1633 1435 1682 Iernstedtius
1467 1635 1603 1680 recte
1619 1634 1786 1680 trans-

178 1720 455 1780 posuerunt
485 1719 754 1767 vocabula:
785 1718 866 1769 ὑπ’
898 1719 1072 1767 αὐτῶν
1096 1702 1217 1767 ante
1245 1719 1457 1768 verbum
1488 1716 1786 1766 ἀποδέδεικ-

178 1821 296 1863 ται,
340 1803 475 1866 quod
521 1819 552 1851 a
586 1805 841 1852 sententia
877 1805 1080 1867 quidem
1115 1805 1374 1867 pertinent
1408 1805 1472 1852 ad
1507 1804 1784 1866 ἀπολυομέ-

179 1906 329 1950 νους,
363 1889 599 1952 coniungi
633 1892 808 1938 autem
845 1906 945 1938 non
980 1893 1193 1953 possunt
1222 1891 1319 1938 nisi
1350 1905 1465 1939 cum
1485 1889 1786 1939 ἀποδέδεικ-

178 1993 282 2024 ται.
375 1974 427 2023 Si
494 1977 670 2023 autem
737 1976 1068 2039 transpositio
1135 1976 1351 2025 devitari
1417 1991 1519 2024 non
1588 1978 1784 2039 potest,

180 2060 413 2124 equidem
459 2060 536 2108 his
582 2061 748 2109 verbis
788 2062 956 2124 potius
992 2062 1159 2110 locum
1194 2062 1463 2110 tribuerim
1498 2062 1634 2110 inter
1666 2064 1786 2118 τούς

180 2150 234 2197 et
285 2146 683 2209 ἀπολυομένους.
738 2146 832 2196 Sed
882 2150 1056 2196 tamen
1107 2150 1232 2210 puto
1286 2147 1449 2196 multo
1500 2150 1783 2210 praestare,

177 2233 344 2296 ipsum
377 2246 484 2281 voc.
519 2230 884 2281 ἀποδέδεικται
899 2271 911 2293 ,
945 2235 1124 2296 utpote
1160 2234 1224 2282 ab
1258 2233 1622 2296 interpolatore
1662 2249 1784 2296 quo-

179 2318 298 2367 dam
341 2333 403 2367 ex
447 2318 862 2367 antecedentibus
917 2319 1165 2367 insertum
1180 2356 1192 2379 ‚
1237 2334 1264 2367 e
1309 2321 1456 2367 textu
1501 2334 1758 2368 removere
1773 2357 1785 2379 ‚

179 2419 278 2467 quo
311 2403 474 2464 factO,
510 2404 654 2452 nulla
687 2405 791 2452 iam
826 2405 1042 2467 amplius
1078 2420 1202 2467 opus
1237 2404 1335 2453 erit
1374 2405 1781 2467 transpositione.
