<?xml version="1.0" encoding="UTF-8"?>
<!DOCTYPE html PUBLIC "-//W3C//DTD XHTML 1.0 Transitional//EN"
    "http://www.w3.org/TR/xhtml1/DTD/xhtml1-transitional.dtd">
<html xmlns="http://www.w3.org/1999/xhtml" xml:lang="en" lang="en">
 <head>
  <title>
</title>
<meta http-equiv="Content-Type" content="text/html;charset=utf-8" />
  <meta name='ocr-system' content='tesseract 3.04.00' />
  <meta name='ocr-capabilities' content='ocr_page ocr_carea ocr_par ocr_line ocrx_word'/>
</head>
<body>
  <div class='ocr_page' id='page_1' title='image "./analectaantiphon00hemsuoft_0122.png"; bbox 0 0 2014 3412; ppageno 0'>
   <div class='ocr_carea' id='block_1_1' title="bbox 1008 308 1097 356">
    <p class='ocr_par' dir='ltr' id='par_1_1' title="bbox 1008 308 1097 356">
     <span class='ocr_line' id='line_1_1' title="bbox 1008 308 1097 356; baseline 0.011 -1"><span class='ocrx_word' id='word_1_1' title='bbox 1008 308 1097 356; x_wconf 86' lang='lat'>110</span> 
     </span>
    </p>
   </div>
   <div class='ocr_carea' id='block_1_2' title="bbox 245 431 1864 3044">
    <p class='ocr_par' dir='ltr' id='par_1_2' title="bbox 258 431 1842 833">
     <span class='ocr_line' id='line_1_2' title="bbox 261 431 1842 496; baseline 0.004 -19"><span class='ocrx_word' id='word_1_2' title='bbox 261 431 451 478; x_wconf 89' lang='lat' dir='ltr'>nullam</span> <span class='ocrx_word' id='word_1_3' title='bbox 502 434 561 479; x_wconf 91' lang='lat' dir='ltr'>ut</span> <span class='ocrx_word' id='word_1_4' title='bbox 609 431 788 480; x_wconf 89' lang='lat' dir='ltr'>codicis</span> <span class='ocrx_word' id='word_1_5' title='bbox 838 431 883 478; x_wconf 91' lang='lat' dir='ltr'>A</span> <span class='ocrx_word' id='word_1_6' title='bbox 926 432 1192 480; x_wconf 92' lang='lat' dir='ltr'>lectionem</span> <span class='ocrx_word' id='word_1_7' title='bbox 1244 433 1369 496; x_wconf 83' lang='grc' dir='ltr'><em>ἑώρα</em></span> <span class='ocrx_word' id='word_1_8' title='bbox 1415 435 1697 482; x_wconf 81' lang='lat' dir='ltr'>deseramus</span> <span class='ocrx_word' id='word_1_9' title='bbox 1741 435 1842 484; x_wconf 89' lang='lat' dir='ltr'>ido·</span> 
     </span>
     <span class='ocr_line' id='line_1_3' title="bbox 260 517 1842 582; baseline 0.004 -19"><span class='ocrx_word' id='word_1_10' title='bbox 260 532 406 564; x_wconf 92' lang='lat' dir='ltr'>neam</span> <span class='ocrx_word' id='word_1_11' title='bbox 459 531 660 564; x_wconf 89' lang='lat' dir='ltr'>causam</span> <span class='ocrx_word' id='word_1_12' title='bbox 716 517 934 579; x_wconf 88' lang='lat' dir='ltr'>reperio,</span> <span class='ocrx_word' id='word_1_13' title='bbox 981 532 1093 564; x_wconf 93' lang='lat' dir='ltr'>cum</span> <span class='ocrx_word' id='word_1_14' title='bbox 1139 518 1433 579; x_wconf 88' lang='lat' dir='ltr'>praesertim</span> <span class='ocrx_word' id='word_1_15' title='bbox 1451 556 1462 578; x_wconf 86' lang='lat'><strong>,</strong></span> <span class='ocrx_word' id='word_1_16' title='bbox 1505 521 1565 566; x_wconf 92' lang='lat' dir='ltr'>ut</span> <span class='ocrx_word' id='word_1_17' title='bbox 1609 519 1842 582; x_wconf 81' lang='lat' dir='ltr'><strong>perfacile</strong></span> 
     </span>
     <span class='ocr_line' id='line_1_4' title="bbox 258 601 1842 666; baseline 0.003 -19"><span class='ocrx_word' id='word_1_18' title='bbox 258 601 517 648; x_wconf 88' lang='lat' dir='ltr'>insolitum</span> <span class='ocrx_word' id='word_1_19' title='bbox 574 602 701 662; x_wconf 78' lang='grc' dir='ltr'><em>ἑώρα</em></span> <span class='ocrx_word' id='word_1_20' title='bbox 747 601 799 647; x_wconf 93' lang='lat' dir='ltr'>in</span> <span class='ocrx_word' id='word_1_21' title='bbox 846 602 1092 662; x_wconf 81' lang='lat' dir='ltr'>pluralem</span> <span class='ocrx_word' id='word_1_22' title='bbox 1135 602 1299 666; x_wconf 81' lang='grc' dir='ltr'><em>ἑώρων</em></span> <span class='ocrx_word' id='word_1_23' title='bbox 1344 603 1481 651; x_wconf 90' lang='lat' dir='ltr'>abire</span> <span class='ocrx_word' id='word_1_24' title='bbox 1528 603 1722 665; x_wconf 83' lang='lat' dir='ltr'>potuit,</span> <span class='ocrx_word' id='word_1_25' title='bbox 1766 604 1842 652; x_wconf 85' lang='lat' dir='ltr'>ita</span> 
     </span>
     <span class='ocr_line' id='line_1_5' title="bbox 258 685 1840 749; baseline 0.003 -18"><span class='ocrx_word' id='word_1_26' title='bbox 258 685 455 732; x_wconf 90' lang='lat' dir='ltr'>difficile</span> <span class='ocrx_word' id='word_1_27' title='bbox 502 686 569 732; x_wconf 90' lang='lat' dir='ltr'>sit</span> <span class='ocrx_word' id='word_1_28' title='bbox 614 686 834 745; x_wconf 84' lang='lat' dir='ltr'>credere,</span> <span class='ocrx_word' id='word_1_29' title='bbox 879 687 1110 745; x_wconf 89' lang='lat' dir='ltr'>solitum,</span> <span class='ocrx_word' id='word_1_30' title='bbox 1145 687 1374 749; x_wconf 86' lang='lat' dir='ltr'>quodque</span> <span class='ocrx_word' id='word_1_31' title='bbox 1407 687 1658 735; x_wconf 90' lang='lat' dir='ltr'>neminem</span> <span class='ocrx_word' id='word_1_32' title='bbox 1691 688 1840 736; x_wconf 87' lang='lat' dir='ltr'>offen-</span> 
     </span>
     <span class='ocr_line' id='line_1_6' title="bbox 258 769 1240 833; baseline 0.004 -18"><span class='ocrx_word' id='word_1_33' title='bbox 258 769 346 816; x_wconf 90' lang='lat' dir='ltr'>dat</span> <span class='ocrx_word' id='word_1_34' title='bbox 383 770 546 831; x_wconf 84' lang='grc' dir='ltr'><em>ἑώρων</em></span> <span class='ocrx_word' id='word_1_35' title='bbox 582 772 838 816; x_wconf 88' lang='lat' dir='ltr'>mutatum</span> <span class='ocrx_word' id='word_1_36' title='bbox 874 785 977 818; x_wconf 87' lang='lat' dir='ltr'>esse</span> <span class='ocrx_word' id='word_1_37' title='bbox 1009 771 1062 817; x_wconf 92' lang='lat' dir='ltr'>in</span> <span class='ocrx_word' id='word_1_38' title='bbox 1098 771 1240 833; x_wconf 80' lang='grc' dir='ltr'><em>ἑώρα.</em></span> 
     </span>
    </p>

    <p class='ocr_par' dir='ltr' id='par_1_3' title="bbox 250 849 1864 1937">
     <span class='ocr_line' id='line_1_7' title="bbox 323 849 1836 920; baseline 0.003 -20"><span class='ocrx_word' id='word_1_39' title='bbox 323 853 455 913; x_wconf 72' lang='lat' dir='ltr'>§4L</span> <span class='ocrx_word' id='word_1_40' title='bbox 519 858 782 914; x_wconf 75' lang='grc' dir='ltr'><em>σκέψασθε</em></span> <span class='ocrx_word' id='word_1_41' title='bbox 834 854 889 902; x_wconf 81' lang='grc' dir='ltr'>δὲ</span> <span class='ocrx_word' id='word_1_42' title='bbox 941 857 1042 903; x_wconf 81' lang='grc' dir='ltr'>καί</span> <span class='ocrx_word' id='word_1_43' title='bbox 1083 874 1171 916; x_wconf 83' lang='grc' dir='ltr'>μοι</span> <span class='ocrx_word' id='word_1_44' title='bbox 1224 860 1482 917; x_wconf 76' lang='grc' dir='ltr'><strong><em>μνήσθητε</em></strong></span> <span class='ocrx_word' id='word_1_45' title='bbox 1532 849 1570 903; x_wconf 73' lang='grc' dir='ltr'><em>ὦ</em></span> <span class='ocrx_word' id='word_1_46' title='bbox 1623 855 1836 920; x_wconf 78' lang='grc' dir='ltr'><em>ἄνδρες·</em></span> 
     </span>
     <span class='ocr_line' id='line_1_8' title="bbox 258 939 1839 1003; baseline 0.002 -18"><span class='ocrx_word' id='word_1_47' title='bbox 258 946 418 987; x_wconf 78' lang='grc' dir='ltr'><strong><em>ταῦτα</em></strong></span> <span class='ocrx_word' id='word_1_48' title='bbox 467 939 564 1003; x_wconf 72' lang='grc' dir='ltr'>γάρ</span> <span class='ocrx_word' id='word_1_49' title='bbox 610 941 670 987; x_wconf 67' lang='grc' dir='ltr'>ου’</span> <span class='ocrx_word' id='word_1_50' title='bbox 712 942 877 1000; x_wconf 80' lang='grc' dir='ltr'><em>μόνον</em></span> <span class='ocrx_word' id='word_1_51' title='bbox 925 942 1179 1003; x_wconf 78' lang='grc' dir='ltr'><strong><em>μάρτυσιν</em></strong></span> <span class='ocrx_word' id='word_1_52' title='bbox 1224 944 1352 1002; x_wconf 80' lang='grc' dir='ltr'><em>ὑμῖν</em></span> <span class='ocrx_word' id='word_1_53' title='bbox 1397 940 1672 999; x_wconf 72' lang='grc' dir='ltr'><em>ἀποδείξω,</em></span> <span class='ocrx_word' id='word_1_54' title='bbox 1710 940 1839 989; x_wconf 68' lang='grc' dir='ltr'><em>ἀλλὰ</em></span> 
     </span>
     <span class='ocr_line' id='line_1_9' title="bbox 258 1014 1840 1095; baseline 0.001 -24"><span class='ocrx_word' id='word_1_55' title='bbox 258 1025 350 1071; x_wconf 82' lang='grc' dir='ltr'>καὶ</span> <span class='ocrx_word' id='word_1_56' title='bbox 394 1026 446 1081; x_wconf 77' lang='grc' dir='ltr'>ἐξ</span> <span class='ocrx_word' id='word_1_57' title='bbox 495 1026 663 1072; x_wconf 72' lang='grc' dir='ltr'><strong><em>αὐτῶν</em></strong></span> <span class='ocrx_word' id='word_1_58' title='bbox 697 1032 797 1073; x_wconf 85' lang='grc' dir='ltr'>τῶν</span> <span class='ocrx_word' id='word_1_59' title='bbox 834 1026 993 1088; x_wconf 79' lang='grc' dir='ltr'><em>ἔργων</em></span> <span class='ocrx_word' id='word_1_60' title='bbox 1027 1026 1062 1072; x_wconf 76' lang='grc' dir='ltr'><em>ἃ</em></span> <span class='ocrx_word' id='word_1_61' title='bbox 1098 1027 1296 1082; x_wconf 80' lang='grc' dir='ltr'><strong><em>τούτοις</em></strong></span> <span class='ocrx_word' id='word_1_62' title='bbox 1332 1014 1617 1090; x_wconf 60' lang='grc' dir='ltr'>πέπρακτοξι</span> <span class='ocrx_word' id='word_1_63' title='bbox 1651 1023 1840 1095; x_wconf 73' lang='grc' dir='ltr'><strong><em>ῥᾳδίως</em></strong></span> 
     </span>
     <span class='ocr_line' id='line_1_10' title="bbox 256 1110 1840 1176; baseline 0.001 -20"><span class='ocrx_word' id='word_1_64' title='bbox 256 1111 512 1172; x_wconf 79' lang='grc' dir='ltr'><em>γνώσεσθε</em></span> <span class='ocrx_word' id='word_1_65' title='bbox 544 1111 623 1158; x_wconf 82' lang='grc' dir='ltr'>ὅτι</span> <span class='ocrx_word' id='word_1_66' title='bbox 660 1110 822 1170; x_wconf 69' lang='grc' dir='ltr'><em>ἀληθῆ</em></span> <span class='ocrx_word' id='word_1_67' title='bbox 859 1112 994 1175; x_wconf 78' lang='grc' dir='ltr'><em>λέγω.</em></span> <span class='ocrx_word' id='word_1_68' title='bbox 1032 1113 1122 1159; x_wconf 75' lang='grc' dir='ltr'>καὶ</span> <span class='ocrx_word' id='word_1_69' title='bbox 1157 1119 1353 1176; x_wconf 81' lang='grc' dir='ltr'><em>πρῶτον</em></span> <span class='ocrx_word' id='word_1_70' title='bbox 1387 1112 1421 1158; x_wconf 80' lang='grc' dir='ltr'><em>ἃ</em></span> <span class='ocrx_word' id='word_1_71' title='bbox 1456 1118 1544 1160; x_wconf 86' lang='grc' dir='ltr'>τοῦ</span> <span class='ocrx_word' id='word_1_72' title='bbox 1581 1111 1840 1172; x_wconf 78' lang='grc' dir='ltr'><strong><em>βασιλέως</em></strong></span> 
     </span>
     <span class='ocr_line' id='line_1_11' title="bbox 255 1185 1838 1258; baseline 0.001 -17"><span class='ocrx_word' id='word_1_73' title='bbox 255 1202 593 1258; x_wconf 77' lang='grc' dir='ltr'><em>κατηγοροῦσι</em></span> <span class='ocrx_word' id='word_1_74' title='bbox 635 1198 724 1243; x_wconf 81' lang='grc' dir='ltr'>καὶ</span> <span class='ocrx_word' id='word_1_75' title='bbox 772 1195 861 1243; x_wconf 70' lang='grc' dir='ltr'>διά</span> <span class='ocrx_word' id='word_1_76' title='bbox 895 1198 985 1254; x_wconf 81' lang='grc' dir='ltr'>τὴν</span> <span class='ocrx_word' id='word_1_77' title='bbox 1022 1185 1146 1257; x_wconf 74' lang='grc' dir='ltr'>ἐμὴν</span> <span class='ocrx_word' id='word_1_78' title='bbox 1182 1196 1402 1255; x_wconf 83' lang='grc' dir='ltr'><em>σπουδὴν</em></span> <span class='ocrx_word' id='word_1_79' title='bbox 1436 1199 1493 1245; x_wconf 80' lang='grc' dir='ltr'>οὔ</span> <span class='ocrx_word' id='word_1_80' title='bbox 1529 1213 1695 1257; x_wconf 82' lang='grc' dir='ltr'><em>φασιν</em></span> <span class='ocrx_word' id='word_1_81' title='bbox 1729 1196 1838 1244; x_wconf 75' lang='grc' dir='ltr'><em>ἐθέ-</em></span> 
     </span>
     <span class='ocr_line' id='line_1_12' title="bbox 254 1280 1836 1346; baseline 0.002 -20"><span class='ocrx_word' id='word_1_82' title='bbox 254 1280 358 1328; x_wconf 83' lang='grc' dir='ltr'><strong><em>λειν</em></strong></span> <span class='ocrx_word' id='word_1_83' title='bbox 409 1282 566 1328; x_wconf 70' lang='grc' dir='ltr'><strong><em>αὑτὸν</em></strong></span> <span class='ocrx_word' id='word_1_84' title='bbox 614 1281 1004 1346; x_wconf 72' lang='grc' dir='ltr'><em>ἀπογράφεσθαι</em></span> <span class='ocrx_word' id='word_1_85' title='bbox 1056 1284 1146 1340; x_wconf 85' lang='grc' dir='ltr'>τὴν</span> <span class='ocrx_word' id='word_1_86' title='bbox 1196 1281 1370 1342; x_wconf 76' lang='grc' dir='ltr'><em>δίκην,</em></span> <span class='ocrx_word' id='word_1_87' title='bbox 1421 1289 1567 1331; x_wconf 85' lang='grc' dir='ltr'>τοῦτο</span> <span class='ocrx_word' id='word_1_88' title='bbox 1618 1280 1674 1330; x_wconf 80' lang='grc' dir='ltr'>δὲ</span> <span class='ocrx_word' id='word_1_89' title='bbox 1725 1280 1836 1330; x_wconf 74' lang='grc' dir='ltr'><strong><em>κατ’</em></strong></span> 
     </span>
     <span class='ocr_line' id='line_1_13' title="bbox 255 1367 1835 1432; baseline 0.001 -19"><span class='ocrx_word' id='word_1_90' title='bbox 255 1367 426 1414; x_wconf 74' lang='grc' dir='ltr'><strong><em>αὐτῶν</em></strong></span> <span class='ocrx_word' id='word_1_91' title='bbox 460 1368 647 1415; x_wconf 81' lang='grc' dir='ltr'><strong><em>τούτων</em></strong></span> <span class='ocrx_word' id='word_1_92' title='bbox 681 1368 824 1415; x_wconf 82' lang='grc' dir='ltr'><strong><em>ἔσται</em></strong></span> <span class='ocrx_word' id='word_1_93' title='bbox 861 1372 1130 1431; x_wconf 79' lang='grc' dir='ltr'><em>τεκμήριον</em></span> <span class='ocrx_word' id='word_1_94' title='bbox 1159 1368 1240 1415; x_wconf 86' lang='grc' dir='ltr'>ὅτι</span> <span class='ocrx_word' id='word_1_95' title='bbox 1270 1370 1361 1416; x_wconf 69' lang='grc' dir='ltr'>οὐκ</span> <span class='ocrx_word' id='word_1_96' title='bbox 1393 1368 1555 1427; x_wconf 68' lang='grc' dir='ltr'><em>ἀληθῆ</em></span> <span class='ocrx_word' id='word_1_97' title='bbox 1586 1368 1835 1432; x_wconf 76' lang='grc' dir='ltr'><em>λέγουσιν.</em></span> 
     </span>
     <span class='ocr_line' id='line_1_14' title="bbox 255 1450 1837 1514; baseline 0.001 -16"><span class='ocrx_word' id='word_1_98' title='bbox 255 1450 378 1498; x_wconf 87' lang='lat' dir='ltr'>Cum</span> <span class='ocrx_word' id='word_1_99' title='bbox 413 1454 532 1499; x_wconf 88' lang='lat' dir='ltr'>ante</span> <span class='ocrx_word' id='word_1_100' title='bbox 565 1453 716 1499; x_wconf 89' lang='lat' dir='ltr'>verba</span> <span class='ocrx_word' id='word_1_101' title='bbox 750 1451 838 1500; x_wconf 72' lang='grc' dir='ltr'>διά</span> <span class='ocrx_word' id='word_1_102' title='bbox 872 1455 959 1511; x_wconf 79' lang='grc' dir='ltr'>τὴν</span> <span class='ocrx_word' id='word_1_103' title='bbox 995 1456 1116 1514; x_wconf 79' lang='grc' dir='ltr'><strong><em>ἐμὴν</em></strong></span> <span class='ocrx_word' id='word_1_104' title='bbox 1153 1452 1372 1512; x_wconf 62' lang='grc' dir='ltr'><em>σπουδὴν</em></span> <span class='ocrx_word' id='word_1_105' title='bbox 1402 1453 1742 1501; x_wconf 89' lang='lat' dir='ltr'>subaudienda</span> <span class='ocrx_word' id='word_1_106' title='bbox 1768 1452 1837 1500; x_wconf 81' lang='lat' dir='ltr'>sit</span> 
     </span>
     <span class='ocr_line' id='line_1_15' title="bbox 254 1527 1836 1599; baseline 0.003 -18"><span class='ocrx_word' id='word_1_107' title='bbox 254 1535 500 1596; x_wconf 88' lang='lat' dir='ltr'>particula</span> <span class='ocrx_word' id='word_1_108' title='bbox 545 1537 650 1595; x_wconf 85' lang='grc' dir='ltr'><strong><em>ὅτι,</em></strong></span> <span class='ocrx_word' id='word_1_109' title='bbox 696 1527 950 1584; x_wconf 87' lang='lat' dir='ltr'>monitum·</span> <span class='ocrx_word' id='word_1_110' title='bbox 979 1539 1157 1598; x_wconf 85' lang='lat' dir='ltr'>velim,</span> <span class='ocrx_word' id='word_1_111' title='bbox 1194 1538 1327 1586; x_wconf 90' lang='lat' dir='ltr'>hunc</span> <span class='ocrx_word' id='word_1_112' title='bbox 1360 1538 1526 1585; x_wconf 90' lang='lat' dir='ltr'>locum</span> <span class='ocrx_word' id='word_1_113' title='bbox 1558 1551 1677 1599; x_wconf 88' lang='lat' dir='ltr'>prae</span> <span class='ocrx_word' id='word_1_114' title='bbox 1711 1538 1836 1585; x_wconf 85' lang='lat' dir='ltr'>cete-</span> 
     </span>
     <span class='ocr_line' id='line_1_16' title="bbox 253 1620 1864 1685; baseline 0.002 -20"><span class='ocrx_word' id='word_1_115' title='bbox 253 1620 322 1666; x_wconf 93' lang='lat' dir='ltr'>ris</span> <span class='ocrx_word' id='word_1_116' title='bbox 365 1622 542 1681; x_wconf 88' lang='lat' dir='ltr'>aptum</span> <span class='ocrx_word' id='word_1_117' title='bbox 588 1636 716 1680; x_wconf 88' lang='lat' dir='ltr'>esse,</span> <span class='ocrx_word' id='word_1_118' title='bbox 763 1637 860 1683; x_wconf 92' lang='lat' dir='ltr'>quo</span> <span class='ocrx_word' id='word_1_119' title='bbox 896 1622 1296 1681; x_wconf 72' lang='lat' dir='ltr'>demonstretur,</span> <span class='ocrx_word' id='word_1_120' title='bbox 1331 1637 1483 1684; x_wconf 91' lang='lat' dir='ltr'>quam</span> <span class='ocrx_word' id='word_1_121' title='bbox 1518 1621 1664 1669; x_wconf 83' lang='lat' dir='ltr'>anxie</span> <span class='ocrx_word' id='word_1_122' title='bbox 1697 1621 1832 1670; x_wconf 87' lang='lat' dir='ltr'>devi-</span> <span class='ocrx_word' id='word_1_123' title='bbox 1861 1683 1864 1685; x_wconf 27' lang='grc'>-</span> 
     </span>
     <span class='ocr_line' id='line_1_17' title="bbox 253 1705 1832 1769; baseline 0.003 -19"><span class='ocrx_word' id='word_1_124' title='bbox 253 1706 366 1751; x_wconf 92' lang='lat' dir='ltr'>tent</span> <span class='ocrx_word' id='word_1_125' title='bbox 411 1705 585 1753; x_wconf 81' lang='lat' dir='ltr'>Graeci</span> <span class='ocrx_word' id='word_1_126' title='bbox 628 1707 857 1753; x_wconf 80' lang='lat' dir='ltr'>vocabuli</span> <span class='ocrx_word' id='word_1_127' title='bbox 903 1707 1102 1755; x_wconf 72' lang='lat' dir='ltr'>relativi</span> <span class='ocrx_word' id='word_1_128' title='bbox 1147 1707 1524 1769; x_wconf 88' lang='lat' dir='ltr'>repetitionem,</span> <span class='ocrx_word' id='word_1_129' title='bbox 1560 1706 1601 1753; x_wconf 85' lang='lat' dir='ltr'>si</span> <span class='ocrx_word' id='word_1_130' title='bbox 1635 1707 1832 1754; x_wconf 85' lang='lat' dir='ltr'>antece-</span> 
     </span>
     <span class='ocr_line' id='line_1_18' title="bbox 253 1789 1833 1853; baseline 0.002 -19"><span class='ocrx_word' id='word_1_131' title='bbox 253 1789 373 1836; x_wconf 89' lang='lat' dir='ltr'>dens</span> <span class='ocrx_word' id='word_1_132' title='bbox 427 1790 678 1837; x_wconf 89' lang='lat' dir='ltr'>sententia</span> <span class='ocrx_word' id='word_1_133' title='bbox 733 1793 962 1852; x_wconf 84' lang='lat' dir='ltr'>sequenti</span> <span class='ocrx_word' id='word_1_134' title='bbox 1018 1791 1242 1839; x_wconf 85' lang='lat' dir='ltr'>membro</span> <span class='ocrx_word' id='word_1_135' title='bbox 1287 1790 1594 1853; x_wconf 88' lang='lat' dir='ltr'>paratactice</span> <span class='ocrx_word' id='word_1_136' title='bbox 1639 1803 1833 1838; x_wconf 86' lang='lat' dir='ltr'>annexa</span> 
     </span>
     <span class='ocr_line' id='line_1_19' title="bbox 250 1872 1386 1937; baseline 0.004 -19"><span class='ocrx_word' id='word_1_137' title='bbox 250 1872 359 1933; x_wconf 87' lang='lat' dir='ltr'>ipsa</span> <span class='ocrx_word' id='word_1_138' title='bbox 393 1873 495 1920; x_wconf 91' lang='lat' dir='ltr'>iam</span> <span class='ocrx_word' id='word_1_139' title='bbox 530 1890 560 1921; x_wconf 87' lang='lat' dir='ltr'>a</span> <span class='ocrx_word' id='word_1_140' title='bbox 594 1875 886 1936; x_wconf 87' lang='lat' dir='ltr'>pronomine</span> <span class='ocrx_word' id='word_1_141' title='bbox 920 1876 1132 1923; x_wconf 85' lang='lat' dir='ltr'>relativo</span> <span class='ocrx_word' id='word_1_142' title='bbox 1165 1875 1386 1937; x_wconf 91' lang='lat' dir='ltr'>incipiat.</span> 
     </span>
    </p>

    <p class='ocr_par' dir='ltr' id='par_1_4' title="bbox 247 1958 1831 2702">
     <span class='ocr_line' id='line_1_20' title="bbox 316 1958 1831 2021; baseline 0.001 -17"><span class='ocrx_word' id='word_1_143' title='bbox 316 1958 372 2004; x_wconf 93' lang='lat' dir='ltr'>In</span> <span class='ocrx_word' id='word_1_144' title='bbox 421 1959 743 2020; x_wconf 79' lang='lat' dir='ltr'>sequentibus</span> <span class='ocrx_word' id='word_1_145' title='bbox 790 1960 922 2007; x_wconf 91' lang='lat' dir='ltr'>male</span> <span class='ocrx_word' id='word_1_146' title='bbox 966 1975 1046 2007; x_wconf 91' lang='lat' dir='ltr'>me</span> <span class='ocrx_word' id='word_1_147' title='bbox 1090 1960 1242 2007; x_wconf 89' lang='lat' dir='ltr'>habet</span> <span class='ocrx_word' id='word_1_148' title='bbox 1285 1960 1494 2007; x_wconf 85' lang='lat' dir='ltr'>verbum</span> <span class='ocrx_word' id='word_1_149' title='bbox 1532 1959 1707 2018; x_wconf 80' lang='grc' dir='ltr'><strong><em>ἔσται,</em></strong></span> <span class='ocrx_word' id='word_1_150' title='bbox 1741 1973 1831 2021; x_wconf 89' lang='lat' dir='ltr'>pro</span> 
     </span>
     <span class='ocr_line' id='line_1_21' title="bbox 250 2042 1830 2106; baseline 0.002 -18"><span class='ocrx_word' id='word_1_151' title='bbox 250 2057 347 2103; x_wconf 91' lang='lat' dir='ltr'>quo</span> <span class='ocrx_word' id='word_1_152' title='bbox 392 2042 536 2090; x_wconf 86' lang='lat' dir='ltr'>facile</span> <span class='ocrx_word' id='word_1_153' title='bbox 583 2043 821 2102; x_wconf 85' lang='lat' dir='ltr'>adducor,</span> <span class='ocrx_word' id='word_1_154' title='bbox 875 2046 934 2091; x_wconf 92' lang='lat' dir='ltr'>ut</span> <span class='ocrx_word' id='word_1_155' title='bbox 979 2045 1346 2092; x_wconf 85' lang='lat' dir='ltr'>restituendum</span> <span class='ocrx_word' id='word_1_156' title='bbox 1394 2046 1567 2106; x_wconf 89' lang='lat' dir='ltr'>putem</span> <span class='ocrx_word' id='word_1_157' title='bbox 1602 2057 1830 2106; x_wconf 81' lang='lat' dir='ltr'>praesens</span> 
     </span>
     <span class='ocr_line' id='line_1_22' title="bbox 251 2126 1830 2191; baseline 0.001 -18"><span class='ocrx_word' id='word_1_158' title='bbox 251 2126 417 2186; x_wconf 80' lang='grc' dir='ltr'><strong><em>ἐστίν,</em></strong></span> <span class='ocrx_word' id='word_1_159' title='bbox 463 2128 558 2174; x_wconf 90' lang='lat' dir='ltr'>nisi</span> <span class='ocrx_word' id='word_1_160' title='bbox 607 2128 736 2176; x_wconf 90' lang='lat' dir='ltr'>forte</span> <span class='ocrx_word' id='word_1_161' title='bbox 771 2129 845 2175; x_wconf 91' lang='lat' dir='ltr'>ita</span> <span class='ocrx_word' id='word_1_162' title='bbox 880 2129 1210 2190; x_wconf 86' lang='lat' dir='ltr'>explicamus,</span> <span class='ocrx_word' id='word_1_163' title='bbox 1246 2131 1306 2176; x_wconf 90' lang='lat' dir='ltr'>ut</span> <span class='ocrx_word' id='word_1_164' title='bbox 1340 2131 1510 2177; x_wconf 88' lang='lat' dir='ltr'>orator</span> <span class='ocrx_word' id='word_1_165' title='bbox 1543 2130 1656 2191; x_wconf 88' lang='lat' dir='ltr'>post</span> <span class='ocrx_word' id='word_1_166' title='bbox 1689 2130 1830 2175; x_wconf 90' lang='lat' dir='ltr'>ante-</span> 
     </span>
     <span class='ocr_line' id='line_1_23' title="bbox 250 2212 1828 2277; baseline 0 -17"><span class='ocrx_word' id='word_1_167' title='bbox 250 2213 498 2260; x_wconf 89' lang='lat' dir='ltr'>cedentia:</span> <span class='ocrx_word' id='word_1_168' title='bbox 537 2212 782 2270; x_wconf 71' lang='grc' dir='ltr'><em>ἀποδείξω</em></span> <span class='ocrx_word' id='word_1_169' title='bbox 815 2216 867 2262; x_wconf 87' lang='lat' dir='ltr'>et</span> <span class='ocrx_word' id='word_1_170' title='bbox 901 2216 1154 2277; x_wconf 70' lang='grc' dir='ltr'><em>γνώσεσθε</em></span> <span class='ocrx_word' id='word_1_171' title='bbox 1191 2214 1345 2261; x_wconf 90' lang='lat' dir='ltr'>etiam</span> <span class='ocrx_word' id='word_1_172' title='bbox 1378 2214 1425 2260; x_wconf 92' lang='lat' dir='ltr'>h.</span> <span class='ocrx_word' id='word_1_173' title='bbox 1462 2214 1493 2261; x_wconf 94' lang='lat' dir='ltr'>l.</span> <span class='ocrx_word' id='word_1_174' title='bbox 1531 2214 1651 2261; x_wconf 88' lang='lat' dir='ltr'>licet</span> <span class='ocrx_word' id='word_1_175' title='bbox 1678 2212 1828 2275; x_wconf 89' lang='lat' dir='ltr'>paulo</span> 
     </span>
     <span class='ocr_line' id='line_1_24' title="bbox 248 2298 1825 2360; baseline 0.001 -17"><span class='ocrx_word' id='word_1_176' title='bbox 248 2298 615 2359; x_wconf 84' lang='lat' dir='ltr'>neglegentius,</span> <span class='ocrx_word' id='word_1_177' title='bbox 651 2298 810 2348; x_wconf 79' lang='lat' dir='ltr'>futuri</span> <span class='ocrx_word' id='word_1_178' title='bbox 844 2299 1084 2360; x_wconf 91' lang='lat' dir='ltr'>temporis</span> <span class='ocrx_word' id='word_1_179' title='bbox 1121 2299 1334 2345; x_wconf 89' lang='lat' dir='ltr'>formam</span> <span class='ocrx_word' id='word_1_180' title='bbox 1369 2298 1597 2346; x_wconf 87' lang='lat' dir='ltr'>intulerit</span> <span class='ocrx_word' id='word_1_181' title='bbox 1625 2313 1714 2359; x_wconf 91' lang='lat' dir='ltr'>pro</span> <span class='ocrx_word' id='word_1_182' title='bbox 1745 2311 1825 2345; x_wconf 88' lang='lat' dir='ltr'>ex·</span> 
     </span>
     <span class='ocr_line' id='line_1_25' title="bbox 247 2382 1827 2443; baseline 0 -15"><span class='ocrx_word' id='word_1_183' title='bbox 247 2384 471 2443; x_wconf 91' lang='lat' dir='ltr'>spectato</span> <span class='ocrx_word' id='word_1_184' title='bbox 518 2384 671 2431; x_wconf 77' lang='grc' dir='ltr'><strong><em>ἐστίν.</em></strong></span> <span class='ocrx_word' id='word_1_185' title='bbox 713 2383 896 2431; x_wconf 83' lang='lat' dir='ltr'>Contra</span> <span class='ocrx_word' id='word_1_186' title='bbox 929 2386 1103 2431; x_wconf 84' lang='lat' dir='ltr'>autem</span> <span class='ocrx_word' id='word_1_187' title='bbox 1138 2382 1246 2442; x_wconf 70' lang='lat'>§14</span> <span class='ocrx_word' id='word_1_188' title='bbox 1282 2382 1592 2430; x_wconf 86' lang='lat' dir='ltr'>restituenda</span> <span class='ocrx_word' id='word_1_189' title='bbox 1625 2382 1827 2430; x_wconf 84' lang='lat' dir='ltr'>videtur</span> 
     </span>
     <span class='ocr_line' id='line_1_26' title="bbox 248 2463 1824 2527; baseline 0.001 -14"><span class='ocrx_word' id='word_1_190' title='bbox 248 2467 408 2514; x_wconf 85' lang='lat' dir='ltr'>futuri</span> <span class='ocrx_word' id='word_1_191' title='bbox 452 2468 615 2515; x_wconf 80' lang='lat' dir='ltr'>forma</span> <span class='ocrx_word' id='word_1_192' title='bbox 648 2471 853 2525; x_wconf 78' lang='grc' dir='ltr'><strong><em>ἔξεσται</em></strong></span> <span class='ocrx_word' id='word_1_193' title='bbox 887 2469 939 2516; x_wconf 96' lang='lat' dir='ltr'>in</span> <span class='ocrx_word' id='word_1_194' title='bbox 974 2469 1163 2517; x_wconf 86' lang='lat' dir='ltr'>verbis:</span> <span class='ocrx_word' id='word_1_195' title='bbox 1203 2469 1294 2515; x_wconf 79' lang='grc' dir='ltr'>καὶ</span> <span class='ocrx_word' id='word_1_196' title='bbox 1326 2469 1516 2515; x_wconf 82' lang='grc' dir='ltr'><strong><em>τούτων</em></strong></span> <span class='ocrx_word' id='word_1_197' title='bbox 1552 2469 1603 2514; x_wconf 82' lang='grc' dir='ltr'>εἴ</span> <span class='ocrx_word' id='word_1_198' title='bbox 1630 2463 1679 2513; x_wconf 80' lang='grc' dir='ltr'>τι</span> <span class='ocrx_word' id='word_1_199' title='bbox 1713 2468 1824 2527; x_wconf 80' lang='grc' dir='ltr'><strong><em>ψεύ-</em></strong></span> 
     </span>
     <span class='ocr_line' id='line_1_27' title="bbox 249 2550 1825 2616; baseline -0.001 -17"><span class='ocrx_word' id='word_1_200' title='bbox 249 2550 409 2611; x_wconf 85' lang='grc' dir='ltr'><em>δομαι</em></span> <span class='ocrx_word' id='word_1_201' title='bbox 437 2554 732 2615; x_wconf 79' lang='grc' dir='ltr'><em>προφάσεως</em></span> <span class='ocrx_word' id='word_1_202' title='bbox 762 2557 934 2609; x_wconf 79' lang='grc' dir='ltr'><strong><em>ἕνεκα,</em></strong></span> <span class='ocrx_word' id='word_1_203' title='bbox 969 2554 1177 2609; x_wconf 79' lang='grc' dir='ltr'>ἔξεο-τι</span> <span class='ocrx_word' id='word_1_204' title='bbox 1205 2558 1273 2615; x_wconf 83' lang='grc' dir='ltr'>τῷ</span> <span class='ocrx_word' id='word_1_205' title='bbox 1294 2554 1553 2616; x_wconf 82' lang='grc' dir='ltr'>κατηγόρῳ</span> <span class='ocrx_word' id='word_1_206' title='bbox 1576 2551 1825 2616; x_wconf 79' lang='grc' dir='ltr'><em>ἐξελέγξαι</em></span> 
     </span>
     <span class='ocr_line' id='line_1_28' title="bbox 249 2637 1336 2702; baseline 0.001 -19"><span class='ocrx_word' id='word_1_207' title='bbox 249 2637 303 2684; x_wconf 75' lang='grc' dir='ltr'>ἐν</span> <span class='ocrx_word' id='word_1_208' title='bbox 335 2643 403 2699; x_wconf 83' lang='grc' dir='ltr'>τῷ</span> <span class='ocrx_word' id='word_1_209' title='bbox 438 2639 625 2701; x_wconf 64' lang='grc' dir='ltr'>’ὑστέρῳ</span> <span class='ocrx_word' id='word_1_210' title='bbox 660 2639 789 2702; x_wconf 83' lang='grc' dir='ltr'><em>λόγῳ</em></span> <span class='ocrx_word' id='word_1_211' title='bbox 823 2640 851 2686; x_wconf 87' lang='grc' dir='ltr'><em>ὅ</em></span> <span class='ocrx_word' id='word_1_212' title='bbox 887 2658 939 2685; x_wconf 89' lang='grc' dir='ltr'>τι</span> <span class='ocrx_word' id='word_1_213' title='bbox 972 2639 1040 2687; x_wconf 79' lang='grc' dir='ltr'>ἂν</span> <span class='ocrx_word' id='word_1_214' title='bbox 1073 2639 1336 2700; x_wconf 77' lang='grc' dir='ltr'><em>βούληται.</em></span> 
     </span>
    </p>

    <p class='ocr_par' dir='ltr' id='par_1_5' title="bbox 245 2721 1841 3044">
     <span class='ocr_line' id='line_1_29' title="bbox 311 2721 1841 2786; baseline 0.001 -19"><span class='ocrx_word' id='word_1_215' title='bbox 311 2723 339 2781; x_wconf 66' lang='grc' dir='ltr'><strong>ἓ</strong></span> <span class='ocrx_word' id='word_1_216' title='bbox 358 2722 432 2770; x_wconf 83' lang='lat'>45.</span> <span class='ocrx_word' id='word_1_217' title='bbox 464 2723 556 2770; x_wconf 83' lang='grc' dir='ltr'>καὶ</span> <span class='ocrx_word' id='word_1_218' title='bbox 587 2725 642 2771; x_wconf 78' lang='grc' dir='ltr'>ἐν</span> <span class='ocrx_word' id='word_1_219' title='bbox 672 2724 807 2786; x_wconf 72' lang='grc' dir='ltr'><strong><em>αὐτῷ</em></strong></span> <span class='ocrx_word' id='word_1_220' title='bbox 835 2729 903 2786; x_wconf 84' lang='grc' dir='ltr'>τῷ</span> <span class='ocrx_word' id='word_1_221' title='bbox 932 2723 1267 2786; x_wconf 76' lang='grc' dir='ltr'>βουλευτηριῳ</span> <span class='ocrx_word' id='word_1_222' title='bbox 1300 2723 1422 2777; x_wconf 79' lang='grc' dir='ltr'><em>Διὸς</em></span> <span class='ocrx_word' id='word_1_223' title='bbox 1455 2722 1708 2782; x_wconf 76' lang='grc' dir='ltr'><em>βουλαιόυ</em></span> <span class='ocrx_word' id='word_1_224' title='bbox 1736 2721 1841 2769; x_wconf 81' lang='grc' dir='ltr'><strong><em>καὶ·</em></strong></span> 
     </span>
     <span class='ocr_line' id='line_1_30' title="bbox 247 2805 1823 2870; baseline 0 -17"><span class='ocrx_word' id='word_1_225' title='bbox 247 2806 475 2865; x_wconf 72' lang='grc' dir='ltr'><em>Ἀθηνᾶς</em></span> <span class='ocrx_word' id='word_1_226' title='bbox 498 2808 755 2868; x_wconf 79' lang='grc' dir='ltr'><em>βουλαίας</em></span> <span class='ocrx_word' id='word_1_227' title='bbox 784 2811 920 2870; x_wconf 81' lang='grc' dir='ltr'><em>ἱερόν</em></span> <span class='ocrx_word' id='word_1_228' title='bbox 951 2808 1074 2864; x_wconf 80' lang='grc' dir='ltr'><strong><em>ἔστι,</em></strong></span> <span class='ocrx_word' id='word_1_229' title='bbox 1095 2808 1186 2855; x_wconf 83' lang='grc' dir='ltr'>καὶ</span> <span class='ocrx_word' id='word_1_230' title='bbox 1204 2807 1448 2861; x_wconf 74' lang='grc' dir='ltr'><em>εἰσιόντες</em></span> <span class='ocrx_word' id='word_1_231' title='bbox 1477 2812 1532 2855; x_wconf 86' lang='grc' dir='ltr'>οἱ</span> <span class='ocrx_word' id='word_1_232' title='bbox 1550 2805 1823 2867; x_wconf 78' lang='grc' dir='ltr'><em>βουλευταὶ</em></span> 
     </span>
     <span class='ocr_line' id='line_1_31' title="bbox 245 2887 1822 2958; baseline -0.002 -17"><span class='ocrx_word' id='word_1_233' title='bbox 245 2896 640 2956; x_wconf 77' lang='grc' dir='ltr'><em>προςεύχονται,</em></span> <span class='ocrx_word' id='word_1_234' title='bbox 678 2887 749 2942; x_wconf 78' lang='grc' dir='ltr'>ὧν</span> <span class='ocrx_word' id='word_1_235' title='bbox 785 2893 927 2958; x_wconf 67' lang='grc' dir='ltr'>κάγὼ</span> <span class='ocrx_word' id='word_1_236' title='bbox 963 2891 1038 2948; x_wconf 76' lang='grc' dir='ltr'>εἷς</span> <span class='ocrx_word' id='word_1_237' title='bbox 1072 2890 1122 2952; x_wconf 83' lang='grc' dir='ltr'>ἧ,</span> <span class='ocrx_word' id='word_1_238' title='bbox 1160 2894 1218 2948; x_wconf 78' lang='grc' dir='ltr'>ὃς</span> <span class='ocrx_word' id='word_1_239' title='bbox 1251 2898 1410 2941; x_wconf 84' lang='grc' dir='ltr'><strong><em>ταῦτα</em></strong></span> <span class='ocrx_word' id='word_1_240' title='bbox 1447 2896 1697 2956; x_wconf 75' lang='grc' dir='ltr'><strong><em>πράττων,</em></strong></span> <span class='ocrx_word' id='word_1_241' title='bbox 1731 2891 1822 2939; x_wconf 80' lang='grc' dir='ltr'>καὶ</span> 
     </span>
     <span class='ocr_line' id='line_1_32' title="bbox 245 2973 1819 3044; baseline -0.002 -17"><span class='ocrx_word' id='word_1_242' title='bbox 245 2980 318 3036; x_wconf 81' lang='grc' dir='ltr'>εἰς</span> <span class='ocrx_word' id='word_1_243' title='bbox 369 2973 525 3027; x_wconf 75' lang='grc' dir='ltr'><em>τᾶλλα</em></span> <span class='ocrx_word' id='word_1_244' title='bbox 581 2980 690 3044; x_wconf 82' lang='grc' dir='ltr'><em>ἱεροὶ</em></span> <span class='ocrx_word' id='word_1_245' title='bbox 740 2980 908 3028; x_wconf 83' lang='grc' dir='ltr'><strong><em>πάντα</em></strong></span> <span class='ocrx_word' id='word_1_246' title='bbox 955 2979 1126 3028; x_wconf 84' lang='grc' dir='ltr'><em>εἰσιὼν</em></span> <span class='ocrx_word' id='word_1_247' title='bbox 1170 2978 1296 3040; x_wconf 68' lang='grc' dir='ltr'>μετὰ</span> <span class='ocrx_word' id='word_1_248' title='bbox 1341 2985 1430 3038; x_wconf 79' lang='grc' dir='ltr'>τῆς</span> <span class='ocrx_word' id='word_1_249' title='bbox 1472 2978 1690 3040; x_wconf 80' lang='grc' dir='ltr'><em>βουλῆς,</em></span> <span class='ocrx_word' id='word_1_250' title='bbox 1727 2976 1819 3024; x_wconf 82' lang='grc' dir='ltr'>καὶ</span> 
     </span>
    </p>
   </div>
  </div>
 </body>
</html>
