2014 3412
1024 268 1084 315 92

260 393 534 442 ἀπολέσαι·
583 393 700 451 ἐξὸν
745 394 843 459 γάρ
887 395 1024 458 αὐτῷ
1073 395 1127 443 ἐν
1171 394 1335 459 οέγῶνι
1380 395 1470 443 καὶ
1504 395 1725 458 κινδύνῳ
1755 416 1838 459 με·

257 478 392 542 γάλῳ
455 484 837 538 καταστήσαντι
890 480 1016 539 μετά
1068 484 1170 527 τῶν
1222 482 1396 539 νόμων
1438 485 1548 528 τῶν
1596 483 1841 544 ὑμετέρων

258 563 503 611 ἀπολέσαι
547 564 766 622 ἐκεῖνον,
814 567 946 627 εἴπερ
989 564 1314 626 προωφείλετο
1351 565 1487 628 αὐτῷ
1525 569 1713 624 κακόν,
1749 567 1841 615 καὶ

257 650 317 696 τό
363 668 412 696 τε
461 647 597 696 ἴδιον
642 651 700 696 τὸ
747 653 902 698 αυτοῦ
948 648 1343 714 διαπράξασθαι
1392 651 1482 698 καὶ
1517 659 1574 712 τῇ
1610 652 1747 700 πόλει
1783 659 1839 713 τῇ

255 734 473 798 ὑμετέρᾳ
527 734 693 798 χάριν
746 737 1104 792 καταθέσθαι,
1164 734 1215 782 εἰ
1269 734 1514 791 ἐπέδειξεν
1559 734 1837 785 ἀδικοῦντα

257 819 472 873 ἐκεῖνον,
524 821 615 867 οὐκ
649 821 875 878 ἠξίωσεν,
915 819 1018 866 αλλ’
1055 818 1163 867 οὐδ’
1199 814 1349 878 ἦλθεν
1385 820 1465 868 ἐπὶ
1499 826 1688 869 τοῦτον.
1725 824 1838 869 καί*

255 923 335 952 τοι
370 905 593 953 καλλίων
628 925 682 969 γε
718 901 776 964 ἦν
813 907 840 953 ὁ
868 905 1112 960 κίνδυνος
1148 906 1298 967 αὐτῷ.
1336 904 1540 964 Orator,
1573 908 1839 968 postquam
1898 963 1901 965 ,

259 991 286 1050 ξ
317 989 378 1037 60
424 990 812 1048 demonstravit,
859 991 1052 1037 nullam
1088 990 1236 1037 fuisse
1271 1005 1499 1050 causam,
1534 992 1592 1038 ut
1626 991 1839 1053 Lycinus

257 1074 571 1122 interimeret
616 1075 890 1129 Herodem,
928 1075 1090 1137 pergit
1126 1073 1227 1134 §61
1267 1074 1558 1133 indicando,
1594 1074 1839 1137 Lycinum

258 1173 321 1207 ne
354 1174 468 1206 cum
497 1159 743 1221 potuisset
774 1159 1000 1221 quidem,
1031 1159 1134 1206 eius
1162 1159 1336 1207 mortis
1355 1162 1611 1207 auctorem
1630 1159 1839 1209 existere

258 1243 488 1291 voluisse.
524 1243 595 1291 Ob
632 1243 763 1291 hunc
796 1244 1161 1291 sententiarum
1195 1259 1435 1292 conexum
1465 1246 1589 1306 puto
1606 1245 1659 1292 in
1677 1246 1838 1293 trans-

258 1327 337 1374 itu
382 1327 445 1373 ad
489 1327 591 1387 §61
639 1328 950 1375 scribendum
999 1343 1124 1376 esse:
1176 1335 1446 1393 τεκμήριον
1492 1319 1547 1377 δὲ
1593 1333 1840 1394 μέγιστον

259 1413 328 1467 ὡς
365 1410 472 1459 οὐδ’
509 1412 742 1472 εβούλετο
778 1413 935 1461 αὐτὸν
969 1413 1230 1461 ἀπολέσαι.

325 1497 598 1552 Quominus
643 1499 814 1546 autem
861 1499 953 1546 hoc
980 1501 1348 1561 ¹argumentum
1393 1501 1563 1547 totum
1597 1501 1733 1548 recte
1765 1501 1839 1548 in-

257 1583 583 1650 tellegamus,
645 1583 856 1644 impedit
917 1583 1183 1630 mutilatus
1235 1584 1533 1646 paragraphi
1582 1584 1721 1644 finis,
1779 1585 1842 1634 de'

259 1682 384 1728 quo,
434 1682 740 1729 quamquam
784 1667 910 1714 nihil
955 1667 1078 1715 certi
1125 1668 1361 1715 constitui
1405 1670 1595 1730 potest,
1641 1671 1840 1729 tamen,

259 1753 378 1814 quid
422 1752 665 1809 sentiam,
714 1767 813 1800 non
858 1753 1089 1800 reticebo.
1128 1751 1416 1815 Colligimus
1449 1754 1605 1815 igitur
1638 1769 1696 1802 ex
1730 1768 1837 1802 ver-

258 1838 354 1896 bis,
400 1837 605 1898 quibus,
640 1837 855 1884 testibus
890 1836 1084 1896 citatis,
1121 1839 1288 1886 orator
1322 1839 1511 1900 pergit,
1547 1839 1676 1887 scil.:
1713 1838 1840 1888 ἄλλα

259 1922 356 1986 γάρ
401 1923 629 1970 ἐνταῦθα
661 1921 761 1982 μὲν
795 1921 986 1982 α’φῆκεν
1019 1923 1200 1980 αὐτὸν,
1239 1921 1316 1971 ἶν’
1352 1924 1422 1971 ου’
1434 1923 1593 1984 κ’(1ῒει
1625 1924 1839 1973 scriben-

258 2007 378 2053 dum
412 2009 488 2054 est
521 2021 635 2054 cum
667 2007 1020 2066 Hervverdeno)
1055 2007 1152 2055 ἔδει
1186 2006 1498 2057 κινδυνεύειν
1531 2009 1691 2058 αὐτόν
1719 2025 1766 2071 q.
1785 2024 1840 2070 s.‚

256 2092 309 2138 in
357 2091 764 2139 antecedentibus
811 2106 1089 2140 sermonem
1134 2093 1283 2141 fuisse
1314 2093 1388 2141 de
1435 2108 1514 2152 re,
1549 2108 1677 2155 quae
1711 2093 1840 2142 nulli

258 2176 523 2224 coniuncta
565 2177 694 2222 esset
727 2176 968 2236 periculo,
1003 2177 1079 2224 ita
1112 2180 1172 2224 ut
1205 2178 1376 2225 verba:
1415 2180 1587 2227 καίτοι
1621 2179 1840 2228 καλλίων

258 2279 313 2326 γε
355 2257 416 2320 ἦν
461 2261 488 2308 ὁ
534 2258 777 2316 κίνδυνος
823 2276 874 2308 se
921 2263 1054 2309 recte
1097 2262 1279 2310 habere
1312 2278 1412 2310 non
1447 2264 1654 2325 possint.
1690 2264 1838 2320 Quid-

258 2344 378 2406 quid
411 2345 693 2405 antiquitus
726 2345 906 2392 horum
940 2346 1107 2393 sedem
1144 2346 1388 2405 obtinuit,
1423 2362 1616 2396 necesse
1650 2349 1751 2407 est,
1784 2349 1838 2395 in

257 2429 386 2476 hanc
437 2428 539 2476 fere
585 2429 888 2477 sententiam
936 2429 1126 2477 dietum
1172 2430 1344 2479 fuisse:
1393 2433 1564 2479 καίτοι
1607 2432 1838 2482 κάλλιόν

258 2534 311 2579 γε
345 2511 403 2573 ἦν
437 2513 586 2562 ἄνευ
621 2512 884 2562 κινδύνου
919 2516 1036 2562 cett.
1076 2515 1294 2562 Verbum
1328 2517 1525 2572 autem,
1561 2517 1693 2579 quod
1727 2519 1841 2579 post

259 2602 434 2648 καίτοι
468 2599 674 2648 κάλλιόν
711 2619 766 2664 γε
799 2596 860 2662 ἦν
894 2600 1108 2647 adfuisse
1143 2602 1366 2661 oportet,
1396 2600 1604 2649 fortasse
1631 2601 1760 2649 latet
1786 2602 1840 2649 in

258 2684 686 2732 antecedentibus:
735 2684 838 2731 ἀλλ’
881 2682 987 2732 οὐδ’
1034 2681 1184 2744 ἦλθεν
1220 2685 1300 2732 ἐπὶ
1335 2691 1539 2744 τοῦτον,
1576 2701 1703 2748 quae
1735 2701 1838 2734 cor-

258 2771 411 2832 rupta
455 2784 588 2827 esse,
637 2769 760 2815 mihi
806 2785 960 2830 quam
1004 2769 1221 2817 maxime
1255 2783 1546 2830 persuasum
1581 2772 1671 2818 est.
1707 2769 1840 2817 Nam

259 2869 419 2915 neque
452 2853 700 2915 particula
734 2852 858 2900 οέλλά
892 2853 1049 2900 ullam
1087 2853 1248 2901 adfert
1282 2854 1642 2915 oppositionem
1669 2853 1840 2902 verbo-

259 2953 394 2985 rum:
442 2939 535 2986 οὐκ
570 2940 776 2997 ἠξίωσεν
812 2938 915 2986 scil.
955 2937 1199 2985 ἀπολέσαι
1235 2937 1446 2993 ἐκεῖνον,
1480 2952 1640 2999 neque
1671 2939 1837 2986 totum
