2014 3412
978 257 1062 306 101
1095 286 1098 290 -

218 381 381 432 ἱκανά
426 381 503 447 γ’)
551 378 611 443 ἦν
656 384 950 444 ὑπομνῆσαι
994 383 1088 432 καὶ
1124 383 1513 446 ἐνθυμηθῆναι,
1550 385 1681 447 εἴπερ
1711 382 1817 443 ἠδι-

218 475 427 524 κοῦντο,
492 469 761 534 ἀμφότερα
812 471 905 518 καὶ
957 475 1104 530 σφῶν
1157 470 1331 518 αὐτῶν
1380 471 1527 517 ἕνεκα
1580 469 1677 518 καὶ
1728 478 1818 528 τῆς

217 555 421 610 πόλεως.
477 554 602 603 Cum
655 555 750 603 hae
799 555 959 618 igitur
1009 555 1138 603 duae
1184 554 1465 616 particulae
1510 569 1692 602 novem
1740 555 1816 603 ve]

217 641 374 689 etiam
420 640 591 689 decem
636 640 690 687 in
737 641 1067 703 Antiphontis
1114 640 1429 688 orationibus
1465 639 1634 687 adsint
1667 639 1790 688 locis
1805 676 1818 698 ‚

217 727 270 775 et
303 725 506 788 quidem
542 726 643 785 ita,
679 727 736 774 ut
775 725 1042 788 quinquies
1078 727 1190 773 arte
1227 725 1525 773 coniunctae
1558 726 1819 787 legantur,

217 812 398 874 quater
442 812 618 859 autem
663 811 743 859 vel
779 810 994 858 fortasse
1030 810 1186 858 etiam
1221 810 1486 872 quinquies
1520 810 1818 872 interposito

217 895 463 946 vocabulo
492 895 848 958 seiungantur,
880 895 1031 943 nimis
1060 911 1150 958 ego
1181 895 1421 943 audacter
1449 895 1482 942 J
1485 895 1816 944 ernstedtium

218 995 366 1044 agere
403 983 556 1044 puto,
594 981 839 1029 mutando
874 981 957 1030 vel
992 981 1141 1043 plane
1174 981 1410 1040 delend0‚
1446 981 1580 1043 quod
1614 996 1677 1029 ne
1714 997 1820 1028 mu-

216 1067 384 1115 temus
429 1067 523 1114 aut
567 1067 846 1114 abiciamus
891 1066 1114 1129 quinque
1148 1066 1441 1116 dissuadent
1475 1068 1630 1129 atque
1663 1067 1820 1130 impe-

216 1151 366 1201 diunt
390 1150 644 1216 exempla.

282 1237 451 1286 Etiam
480 1237 532 1284 in
571 1236 922 1286 Demosthenis
957 1238 1271 1286 orationibus
1306 1238 1400 1287 hae
1435 1239 1714 1301 particulae
1748 1238 1822 1285 ni-

218 1323 313 1371 mis
357 1338 504 1384 saepe
548 1323 845 1371 coniunctae
893 1326 1188 1382 occurrunt,
1225 1339 1380 1386 quam
1416 1326 1478 1372 ut
1511 1323 1676 1372 ubivis
1711 1339 1822 1386 par-

217 1408 428 1457 ticulam
463 1427 517 1472 γε
549 1409 814 1470 transponi
845 1409 926 1457 vel
955 1408 1110 1457 deleri
1144 1409 1310 1457 liceat.
1347 1409 1614 1472 Perperam
1649 1412 1822 1457 autem

218 1493 466 1542 Blassium
512 1508 660 1556 agere
706 1496 829 1556 puto
844 1531 856 1553 ,
903 1494 990 1556 qui
1035 1494 1088 1541 in
1134 1494 1487 1542 Demosthenis
1503 1531 1514 1553 ‚
1550 1509 1704 1557 quam
1739 1510 1823 1543 cu-

219 1579 378 1638 ravit,
436 1579 657 1628 editione
713 1581 898 1641 quarta
942 1579 1033 1626 has
1085 1579 1360 1642 particulas
1407 1580 1556 1628 modo
1602 1580 1823 1627 intactas

219 1664 487 1727 relinquit,
522 1664 671 1713 modo
705 1664 954 1713 violenter
990 1664 1202 1713 divellit.
1244 1663 1480 1713 Conferas
1515 1666 1823 1723 accuratam,

219 1765 373 1813 quam
407 1751 469 1799 de
503 1750 579 1798 his
613 1750 874 1813 particulis
909 1751 1133 1799 instituit
1171 1751 1573 1813 disquisitionem
1607 1750 1823 1798 Fuhrius

218 1835 345 1884 Mus.
390 1835 548 1884 Rhen.
595 1835 816 1883 XXXIII
866 1834 1115 1892 „Excurse
1162 1852 1224 1883 zu
1269 1836 1366 1884 den
1410 1836 1662 1884 attischen
1697 1835 1823 1883 Red-

219 1923 377 1970 nern”
414 1937 463 1968 n.
501 1921 546 1969 9.
581 1936 693 1984 pag.
732 1919 827 1968 593
863 1936 966 1983 sqq.

285 2005 409 2068 §78-
452 2007 505 2056 εἰ
531 2005 577 2054 δ’
615 2008 670 2055 ἐν
703 2008 846 2070 Αἴνῳ
879 2007 1185 2071 χωροφιλεῖ,
1223 2012 1371 2056 τοῦτο
1404 2009 1496 2056 οὐκ
1532 2008 1820 2072 ἀποστερῶν

219 2111 272 2157 γε
317 2097 421 2141 τῶν
464 2092 540 2148 εἰς
589 2094 681 2152 τὴν
725 2093 876 2142 πόλιν
913 2093 1099 2143 ἑαυτὸν
1135 2092 1339 2150 οὐδενὸς
1374 2093 1483 2143 οὐδ’
1521 2095 1698 2159 ἑτέρας
1736 2096 1823 2144 πό-

219 2180 339 2236 λεως
371 2179 576 2238 πολίτης
609 2183 968 2245 γεγενημένος,
1004 2182 1163 2245 ὥσπερ
1200 2181 1402 2246 ἑτέρους
1436 2183 1537 2246 ὁρῶ
1572 2182 1691 2238 τοὺς
1725 2181 1824 2244 μὲν

218 2265 294 2322 εἰς
339 2267 431 2325 τὴν
471 2268 673 2330 ἤπειρον
722 2266 931 2326 ἰόντας,
977 2267 1162 2323 (τοὺς)
1212 2267 1268 2316 δὲ
1316 2268 1555 2329 (codicesz
1608 2270 1721 2331 καὶ)
1757 2269 1826 2318 οἰ-

219 2358 442 2408 κοῦντας
499 2352 554 2401 ἐν
596 2361 706 2408 τοῖς
751 2354 1013 2415 πολεμίοις
1058 2362 1171 2410 τοῖς
1216 2356 1479 2419 ὑμετέροις
1525 2356 1619 2404 καὶ
1666 2355 1826 2412 δίκας

219 2436 321 2489 ἀπὸ
370 2438 648 2501 ξυμβόλων
699 2439 828 2501 ὑμῖν
881 2439 1287 2502 δικαζομένους,
1339 2440 1457 2490 οὐδὲ
1513 2444 1711 2507 φεύγων
1762 2442 1823 2491 τὸ

221 2524 414 2585 πλῆθος
454 2526 515 2574 τὸ
559 2527 829 2590 ὑμέτερον,
867 2527 989 2583 τοὺς
1024 2525 1070 2574 δ’
1107 2530 1250 2584 οἵους
1282 2529 1432 2589 ὑμεῖς
1465 2533 1638 2590 μισῶν
1674 2545 1826 2577 συκο-

220 2610 441 2672 φάντας.
476 2611 607 2660 Fieri
642 2612 846 2674 quidem
881 2613 1074 2674 potuit,
1115 2615 1175 2662 ut
1211 2615 1326 2676 post
1360 2629 1638 2676 pronomen
1672 2620 1827 2663 τοῦτο

221 2697 471 2746 excideret
517 2697 727 2746 verbum
773 2704 918 2746 ποιεῖ
926 2734 937 2756 ,
975 2698 1116 2747 cuius
1150 2699 1410 2748 notionem
1448 2715 1598 2763 aegre
1631 2700 1825 2749 deside-

219 2782 321 2830 rari
371 2782 604 2831 Reiskius
654 2786 789 2832 recte
834 2784 1112 2846 perspexit;
1159 2785 1244 2832 sed
1289 2787 1464 2834 tamen
1480 2822 1492 2845 ‚
1537 2801 1600 2834 ne
1648 2786 1826 2834 statim

219 2868 314 2917 hoc
358 2868 566 2917 verbum
612 2868 881 2927 addamu5‚
928 2868 1229 2918 dehortatur
1262 2871 1532 2932 repetitum
1571 2871 1624 2918 in
1660 2870 1827 2919 codice

218 2953 264 3002 A
297 2953 600 3003 vocabulum
636 2954 849 3013 ἑαυτόν,
887 2955 968 3003 cui
1004 2954 1274 3018 vestigium
1308 2956 1555 3019 genuinae
1589 2955 1823 3004 lectionis
