2014 3412
988 289 1043 338 11

213 416 342 467 bene
386 418 660 467 consociari
705 433 861 482 posse.
914 417 1049 467 Nam
1096 419 1138 467 si
1182 419 1234 467 id
1273 418 1515 467 faciemus
1530 455 1543 479 ‚
1577 419 1676 468 duo
1709 419 1815 469 iam

214 501 432 552 aderunt
475 504 784 567 hyperbata,
830 518 961 566 quae
1006 503 1277 552 coniuncta
1321 503 1603 552 orationem
1638 505 1788 554 nimis
1803 542 1815 565 ,

214 602 368 652 quam
404 590 467 637 ut
498 588 621 638 ferri
655 589 815 652 possit
829 625 842 648 ‚
879 588 1060 637 duram
1094 588 1324 638 reddant.
1370 588 1480 637 Hoc
1493 625 1506 648 ‚
1532 588 1630 637 nisi
1652 589 1816 650 fallor,

215 675 352 742 etat,
403 690 494 724 cur
535 675 616 724 vir
663 674 983 724 doctissimus
1028 674 1246 723 alteram
1290 673 1569 737 praeterea
1587 675 1816 737 suppedi-

63 756 74 819 3'
150 796 158 822 5
213 761 351 811 taret
383 760 730 824 explicationis
764 761 902 810 viam
918 797 930 821 ‚
979 760 1255 810 secundum
1289 775 1445 823 quam
1479 760 1616 809 inter
1650 775 1702 809 se
1735 776 1816 824 po-

213 845 318 895 tius
351 845 635 909 copulanda
669 847 837 895 essent
870 846 1049 895 verba:
1098 846 1190 895 τὸν
1225 845 1466 894 θάνατον
1497 846 1591 894 τὸν
1626 846 1816 895 ἐκείνου

217 931 572 998 ἶπάὐτοφώρῳ
605 935 1009 995 μηχανωμένην.
1044 931 1110 980 Et
1150 946 1298 991 sane,
1333 931 1376 979 si
1403 946 1490 994 per
1520 946 1572 980 se
1590 934 1817 994 spectan-

214 1019 319 1079 tur,
370 1018 608 1082 explicari
659 1018 875 1067 fortasse
925 1019 1139 1081 possunt
1184 1016 1363 1075 verba;
1411 1015 1636 1065 conferas
1682 1017 1817 1064 enim

215 1117 292 1154 ex.
343 1118 416 1168 gr.
456 1103 642 1167 Lysiae
686 1103 812 1151 XIII
859 1105 887 1164 ἓ
934 1103 1020 1152 85:
1070 1102 1342 1167 ὁμολογεῖν
1387 1101 1714 1162 ἀποκτεῖναι,
1749 1104 1818 1164 μὴ

215 1189 573 1255 ἐπάὗτοφώρῳ
606 1188 691 1248 δέ,
726 1190 817 1238 καὶ
851 1190 966 1253 περὶ
999 1190 1180 1238 τούτου
1214 1187 1639 1252 διϊσχυρίζεσθαι
1657 1189 1819 1252 ὥσπερ

213 1276 268 1326 εἰ
286 1277 357 1338 μὴ
386 1276 744 1341 ἐπάὕτοφώρῳ
771 1279 888 1338 μέν,
919 1276 1178 1325 ἀπέκτεινε
1207 1273 1270 1324 δέ
1279 1310 1292 1335 ,
1323 1276 1500 1324 τούτου
1532 1278 1680 1324 ἕνεκα
1700 1273 1820 1323 δέον
1886 1278 1891 1282 ’

214 1363 376 1414 αὐτὸν
409 1365 685 1428 σῴζεσθαι.
732 1363 868 1412 Nam
896 1363 939 1411 si
969 1363 1327 1427 ἐπάῠτοφώρῳ
1356 1362 1656 1411 ἀποκτεῖναι
1684 1364 1820 1411 recte

213 1448 314 1499 dici
342 1449 514 1512 potuit
528 1488 540 1510 ,
569 1449 781 1499 fortasse
809 1464 912 1498 non
942 1449 1113 1497 obstat
1141 1448 1344 1512 linguae
1371 1449 1503 1497 ratio
1519 1483 1531 1507 ‚
1548 1448 1819 1511 quominus

162 1581 167 1585 .
213 1535 393 1585 verba:
428 1536 522 1585 τὸν
560 1537 799 1585 θάνατον
833 1536 925 1584 τὸν
962 1535 1156 1584 ἐκείνου
1193 1535 1552 1599 ἐπάύτοφώρῳ
1578 1553 1648 1595 μη
1650 1552 1820 1597 χανω-

213 1623 376 1684 μένην
421 1621 556 1671 inter
598 1637 651 1670 se
699 1622 1065 1671 consocientur.
1116 1621 1362 1669 Attamen
1377 1657 1389 1680 ,
1435 1636 1500 1669 ne
1533 1621 1634 1668 ista
1667 1621 1821 1669 verba

215 1707 309 1757 hoc
354 1706 503 1757 modo
549 1707 899 1771 coniungenda
932 1708 1040 1756 loco
1076 1722 1165 1756 suo
1201 1707 1418 1754 immota
1450 1706 1820 1769 relinquantur,

213 1808 369 1857 quam
420 1793 642 1842 maxime
692 1793 885 1842 resistit
930 1792 1090 1842 totius
1136 1792 1419 1841 sententiae
1464 1791 1668 1840 indoles,
1724 1791 1820 1839 Vix

213 1878 377 1939 enim,
422 1880 476 1928 et
508 1894 572 1928 ne
608 1878 693 1928 vix
729 1878 933 1941 quidem
968 1878 1102 1926 credi
1136 1878 1307 1940 potest
1322 1914 1333 1936 ,
1368 1891 1665 1936 novercam,
1704 1892 1820 1924 cum

213 1964 462 2014 maritum
491 1965 602 2014 vita
629 1956 896 2027 privatura
926 1965 1060 2012 esset
1074 2000 1086 2022 ‚
1116 1962 1370 2011 neminem
1388 1962 1653 2010 consilium
1671 1977 1819 2010 suum

214 2050 428 2111 celasse,
461 2050 547 2099 sed
582 2051 752 2113 palam
786 2050 915 2098 nihil
956 2049 1297 2098 occultantem
1334 2048 1506 2111 egisse.
1559 2047 1692 2096 Nam
1727 2048 1821 2097 hoc

211 2134 290 2184 ita
322 2134 518 2185 factum
551 2150 658 2184 esse
672 2172 684 2195 ,
719 2135 1000 2184 indicarent
1033 2134 1215 2183 verba:
1251 2134 1604 2198 ἐπάϋτοφώρῳ
1638 2153 1819 2197 μηχα-

212 2218 463 2283 νωμένην.
514 2221 821 2278 Quantocius
855 2221 1013 2284 igitur
1048 2220 1357 2269 divellantur
1396 2220 1520 2269 haec
1547 2221 1792 2269 vocabula
1807 2257 1819 2279 ,

213 2322 344 2372 quae
385 2309 448 2356 ut
490 2309 906 2370 transponantur,
959 2322 1074 2356 cum
1119 2307 1228 2369 ipsa
1274 2306 1528 2355 sententia
1567 2306 1793 2368 postulat
1807 2343 1819 2365 ,

132 2439 135 2450 ,.
212 2394 328 2443 tum
371 2393 507 2442 haud
554 2393 761 2441 minime
810 2392 990 2441 suadet
1036 2392 1172 2440 locus
1218 2391 1395 2439 similis
1443 2393 1470 2452 ἓ
1519 2391 1547 2438 9
1592 2393 1816 2439 exstans:

213 2479 249 2528 ἃ
293 2478 501 2543 συνῄδει
548 2481 640 2528 καὶ
686 2481 924 2543 πρότερον
970 2481 1058 2537 τὴν
1102 2485 1335 2542 γυναῖκα
1382 2478 1589 2536 ταύτην,
1624 2480 1818 2541 μητέρα

213 2563 272 2616 δὲ
299 2566 507 2623 τούτων,
543 2571 613 2629 τῷ
642 2567 796 2630 πατρὶ
827 2571 896 2628 τῷ
923 2567 1139 2628 ἡμετέρῳ
1170 2563 1407 2613 θάνατον
1434 2565 1819 2625 μηχανωμένην

214 2652 544 2718 φαρμάκοις,
580 2653 673 2700 καὶ
707 2653 799 2700 τὸν
834 2636 1030 2714 πατέρα
1063 2650 1304 2711 εἰληφότα
1333 2648 1684 2713 ἕπάϋτοφώρῳ
1714 2664 1760 2711 q.
1781 2664 1816 2696 s.

212 2737 396 2802 Itaque
442 2738 614 2786 nullus
661 2737 838 2786 dubito
853 2775 864 2797 ,
905 2737 1027 2799 quin
1062 2738 1198 2784 recte
1233 2736 1393 2799 egerit
1426 2735 1792 2783 Herwerdenus
1809 2772 1821 2795 ,

213 2823 454 2888 copulans
499 2824 771 2873 vocabula:
822 2823 1179 2886 ε’πάϋτοφώρῳ
1212 2821 1521 2882 ληφθεῖσαν,
1556 2820 1651 2868 nisi
1689 2819 1817 2882 quod

213 2909 472 2973 equidem,
499 2909 692 2958 inserta
723 2925 838 2958 cum
870 2909 974 2958 cod.
1010 2909 1055 2956 A
1083 2908 1218 2956 inter
1237 2908 1414 2957 verba:
1434 2907 1564 2955 ἄλλα
1582 2906 1821 2961 πολλάκις

204 2987 462 3058 'particula
507 2996 626 3052 καὶ,
673 2995 768 3044 hoc
813 2994 961 3044 modo
1006 2993 1243 3057 coniungi
1291 2993 1493 3041 malim:
1551 2991 1676 3043 ἄλλα
1726 2993 1821 3049 καὶ
