2014 3412
969 282 1031 329 89

178 419 336 456 ⁴vem.
371 406 511 463 Quod
548 423 867 471 nequaquam
902 408 1161 467 fecissent,
1191 409 1233 457 si
1263 409 1499 458 credibile
1517 409 1803 470 duxissent,

201 507 344 542 servo
396 494 684 556 persuaderi
730 509 900 556 posse,
935 496 994 542 ut
1028 496 1205 542 contra
1240 509 1320 543 me
1353 495 1699 543 ementiretur.
1733 496 1803 544 At

201 593 341 637 eum,
403 581 465 627 ut
514 579 566 626 id
617 579 906 639 crederent,
957 595 1057 628 non
1111 580 1355 628 haberent
1372 618 1383 636 ,
1436 580 1510 627 ita
1560 579 1800 630 fecerunt.

201 663 392 713 Deinde
435 679 608 713 servus
644 665 854 712 summis
892 665 1196 713 cruciatibus
1233 679 1519 727 oppressus,
1556 667 1617 713 ut
1649 666 1709 714 iis
1744 667 1801 714 li-

205 749 495 809 beraretur,
541 750 788 798 mentitus
837 751 939 808 est,
981 750 1065 798 sed
1112 750 1213 810 ita,
1258 752 1319 798 ut
1362 765 1463 798 non
1498 752 1804 800 consentiret

200 834 449 898 epistulae
495 835 781 883 mendaciis.
827 835 1097 884 Habebant
1140 835 1299 898 igitur
1344 835 1619 884 adversarii
1662 851 1801 884 men-

199 919 343 968 dacia
391 920 598 982 quidem
648 921 702 968 in
754 936 863 980 me,
906 920 992 969 sed
1038 936 1167 983 quae
1212 921 1347 969 inter
1393 936 1445 969 se
1489 924 1801 983 pugnarent,

197 1020 453 1068 quaeque,
500 1006 634 1068 quod
678 1006 743 1053 ad
791 1006 1091 1068 epistulam,
1138 1006 1302 1055 delere
1349 1007 1454 1054 iam
1488 1021 1590 1054 non
1625 1008 1802 1068 potue-

197 1093 335 1139 runt.
383 1092 631 1148 Quoniam
682 1094 918 1154 apparet,
953 1092 1088 1140 hunc
1125 1092 1496 1141 sententiarum
1533 1107 1637 1140 esse
1672 1092 1800 1140 ordi-

197 1191 343 1233 nem,
379 1192 483 1226 non
516 1177 693 1225 dubito
726 1177 831 1238 §56
860 1178 1089 1226 membra
1119 1179 1254 1226 inter
1283 1193 1335 1226 se
1352 1178 1429 1225 ita
1445 1179 1799 1239 transponere,

197 1264 258 1311 ut
302 1263 551 1326 legamus:
590 1264 640 1312 εἰ
667 1264 766 1329 γάρ
800 1267 1057 1329 ἡγήσαντο
1093 1293 1153 1299 -
1192 1264 1255 1312 τα
1293 1264 1349 1312 ἐν
1382 1270 1451 1326 τῷ
1485 1283 1800 1327 γραμματει-

196 1347 310 1414 δίῳ.
347 1348 514 1410 ἐπειδὴ
549 1349 607 1399 δὲ
642 1351 944 1416 ἀνεγνώσθη
979 1381 1039 1386 -
1076 1352 1141 1400 τα
1176 1352 1600 1416 ἀναγνωσθέντα.

262 1435 386 1496 557.
431 1437 597 1497 λέγειν
642 1436 698 1486 δὲ
745 1439 1005 1500 τολμῶσιν
1048 1440 1116 1494 ὡς
1152 1438 1250 1503 ἐγὼ
1285 1441 1468 1502 χάριτι
1504 1438 1594 1486 τὸν
1628 1435 1798 1498 ἄνδρα

196 1524 489 1572 ἀπέκτεινα.
542 1524 803 1572 Immerito
844 1525 1188 1573 Bohlmannus
1222 1540 1333 1587 pag.
1375 1523 1433 1571 26
1470 1523 1797 1572 Weidnerum

195 1609 542 1671 reprehendit,
602 1610 735 1672 quod
791 1611 1097 1673 Antiphonti
1153 1626 1242 1672 pro
1297 1610 1528 1658 codicum
1585 1609 1798 1657 lectione

196 1694 398 1743 ἔκτεινα
435 1695 711 1744 obtruserit
746 1696 962 1744 formam
997 1696 1298 1758 pleniorem:
1339 1694 1643 1750 ἀπέκτεινα,
1687 1709 1795 1751 „ex-

195 1781 302 1829 stat
346 1779 531 1840 enim'',
576 1781 770 1844 inquit,
823 1782 1063 1839 „verbum
1109 1783 1324 1829 κτείνειν
1370 1781 1525 1829 etiam
1562 1780 1620 1828 V.
1658 1779 1761 1841 §11
1782 1816 1794 1838 ,

194 1865 278 1915 VI.
326 1867 384 1927 §g
430 1865 474 1914 4.
515 1866 621 1915 16.'’
657 1867 870 1915 Videtur
903 1867 1062 1930 igitur
1094 1867 1262 1915 virum
1297 1866 1643 1914 doctissimum
1679 1865 1797 1912 effu-

190 1951 352 2015 gisse,
397 1950 519 1998 haec
564 1951 734 1999 omnia
782 1952 978 2000 diversa
1025 1952 1222 2000 ratione
1267 1951 1587 1999 diiudicanda
1622 1953 1674 1999 et
1707 1965 1797 2012 pro

193 2028 587 2098 uniuscuiusque
620 2037 718 2085 loci
759 2040 944 2086 natura
981 2038 1130 2086 modo
1162 2041 1379 2087 κτείνειν
1415 2038 1562 2086 modo
1598 2052 1795 2098 compo-

192 2123 350 2171 situm
395 2122 710 2172 ἀποκτείνειν
754 2124 1021 2186 legendum
1068 2139 1187 2172 esse.
1234 2123 1369 2172 Nam
1416 2123 1512 2172 etsi
1556 2138 1644 2185 pro
1679 2122 1795 2170 sim-

193 2208 314 2272 plici
357 2208 572 2258 κτείνειν
618 2210 893 2272 posteriore
939 2211 1166 2272 tempore
1216 2210 1410 2272 plenior
1456 2209 1620 2257 forma
1666 2208 1796 2256 οὶπο-

192 2293 411 2344 κτείνειν
457 2294 888 2354 substituebatur,
941 2296 1114 2342 tamen
1164 2294 1218 2342 in
1267 2294 1459 2357 legibus
1475 2331 1486 2353 ‚
1539 2294 1793 2353 formulis,

191 2379 344 2443 idque
389 2394 547 2443 genus
591 2380 793 2440 ceteriS,
840 2395 970 2443 quae
1015 2396 1078 2428 ne
1113 2381 1464 2440 mutarentur,
1498 2379 1674 2441 religio
1709 2379 1793 2427 ob-

194 2465 391 2524 stabat,
427 2480 623 2528 semper
656 2466 973 2514 retinebatur
1007 2462 1356 2530 ἆρχαιοτικόν
1391 2465 1518 2512 illud
1547 2467 1793 2524 κτείνειν,

193 2551 270 2599 ita
328 2552 390 2599 ut
440 2551 494 2599 in
543 2567 648 2599 una
698 2551 972 2614 eademque
1023 2551 1252 2599 oratione
1305 2550 1452 2599 modo
1504 2550 1794 2599 inveniatur

193 2635 541 2696 ἀποκτείνειν,
604 2636 779 2696 modo,
837 2637 926 2684 ubi
976 2637 1099 2699 legis
1151 2636 1362 2685 alicuius
1413 2636 1494 2686 vel
1545 2636 1792 2685 formulae

193 2723 347 2773 verba
379 2723 624 2782 citentur,
658 2723 792 2771 adsit
826 2722 1037 2785 simplex
1071 2725 1308 2772 κτείνειν.
1336 2723 1418 2771 Ita
1434 2722 1492 2771 V.
1514 2725 1541 2784 ἓ
1564 2722 1616 2770 ll
1640 2724 1793 2772 verba

193 2809 263 2866 ὡς
307 2808 504 2858 ἔκτεινα
549 2808 818 2858 verisimile
864 2810 965 2865 est,
1003 2824 1063 2857 ex
1096 2809 1205 2872 ipsa
1241 2809 1540 2872 deprompta
1574 2824 1678 2858 esse
1712 2824 1790 2857 ac-.

193 2895 465 2944 cusationis
498 2894 744 2954 formula,
778 2909 893 2942 cum
928 2894 1053 2942 item
1087 2897 1318 2943 vetustae
1348 2895 1596 2943 formulae
1626 2895 1790 2943 cuius-

192 2980 310 3029 dam
344 2980 501 3031 verba
533 2979 703 3029 adesse
737 2979 1006 3028 statuerim
1039 2979 1125 3029 VI.
1162 2979 1267 3042 §42
1305 2982 1431 3030 ὥστε
1450 2981 1543 3029 καὶ
1578 2980 1656 3029 ἄν
1689 3001 1748 3029 τι
1758 2999 1787 3036 ς
