2014 3412
188 1108 362 1158 Veteri
397 1108 758 1157 consuetudine
791 1110 1050 1171 receptum
1085 1110 1185 1166 est,
1219 1110 1281 1155 ut
1311 1123 1484 1156 omnes
1500 1145 1512 1166 ,
1540 1109 1722 1170 quibus

123 1194 563 1257 exoptatissimum
614 1194 907 1242 absolvendi
962 1194 1132 1243 studia
1176 1193 1474 1242 Academica
1522 1197 1722 1257 tempus

123 1279 355 1338 advenit,
407 1294 468 1328 ea
518 1279 776 1328 occasione
821 1280 1124 1328 documenta
1170 1279 1441 1327 exhibeant
1485 1281 1538 1327 et
1581 1281 1723 1328 testi-

123 1365 296 1414 monia
329 1367 531 1428 gratae,
568 1380 670 1427 qua
704 1365 871 1413 affecti
906 1367 1026 1412 sunt
1041 1401 1052 1423 ‚
1083 1365 1268 1413 mentis
1304 1379 1422 1427 erga
1451 1379 1533 1413 eos
1563 1365 1696 1413 viros
1713 1402 1724 1424 ‚

123 1451 211 1513 qui
239 1450 407 1498 studia
435 1465 523 1513 per
552 1465 755 1498 securae
782 1450 1067 1498 iuventutis
1097 1465 1253 1498 annos
1272 1450 1326 1496 in
1344 1450 1722 1512 disciplinarum

123 1535 345 1584 scientiis
378 1535 620 1594 condita,
668 1535 906 1597 prudenti
951 1550 1042 1583 suo
1089 1534 1431 1583 moderamine
1469 1538 1722 1583 rexerunt.

123 1621 285 1678 Quam
335 1620 751 1669 consuetudinem
800 1623 1030 1678 secutus,‚
1081 1620 1297 1668 libenter
1349 1620 1581 1682 equidem
1632 1621 1726 1669 hoc

124 1706 357 1756 sollemni
402 1707 508 1755 loco
553 1721 614 1755 ex
658 1706 841 1755 intimo
886 1707 1057 1755 animo
1103 1706 1302 1754 effundo
1348 1707 1538 1768 gratias
1554 1743 1566 1765 ,
1600 1722 1724 1768 quas

14 1778 19 1782 ”
69 1817 75 1819 -
123 1791 278 1841 debeo
324 1792 596 1848 maximas,
645 1791 765 1839 viris
812 1792 1100 1840 clarissimis
1133 1807 1467 1850 ΗΑιΒΕκΤεΜΑ,
1509 1807 1726 1852 nicona,

123 1892 422 1937 missuum,
457 1893 655 1937 srnrssn,
690 1893 786 1926 vAN
814 1893 909 1925 nnn
939 1893 1070 1935 EAM,
1090 1878 1270 1939 quibus
1302 1877 1510 1925 ducibus
1532 1893 1726 1941 semper

124 1977 241 2012 cum
258 1962 596 2012 delectatione
613 1963 771 2010 animi
790 1963 1122 2011 honestarum
1140 1963 1330 2010 artium
1349 1963 1510 2011 cultui
1522 1978 1726 2026 operam

125 2047 326 2096 navavi.
372 2047 479 2096 Nec
521 2051 575 2096 te
619 2048 840 2096 reticebo
855 2085 866 2107 ‚
912 2048 1184 2097 clarissime
1231 2064 1328 2096 VAN
1361 2064 1456 2096 mm
1490 2064 1633 2098 wmcx
1650 2086 1662 2109 ,
1701 2065 1728 2098 e

0 2176 1 2183 ,
63 2162 67 2167 -
128 2132 270 2181 cuius
319 2132 500 2181 scholis
517 2169 529 2192 ,
579 2133 663 2180 vix
712 2132 810 2180 dici
860 2135 1054 2195 potest,
1109 2136 1357 2195 quantam
1408 2134 1726 2196 voluptatem

126 2231 324 2281 semper
357 2219 681 2282 perceperim.

195 2302 408 2353 Utinam
441 2304 493 2351 in
529 2305 712 2353 horum
746 2304 973 2352 virorum
1008 2319 1220 2352 numero
1255 2306 1306 2352 et
1342 2306 1394 2352 te
1429 2305 1729 2367 compellare

128 2387 332 2458 liceret,
376 2405 664 2448 BAxnnmssi,
711 2390 954 2452 magister
993 2389 1342 2438 dilectissime!
1382 2389 1478 2438 Per
1511 2393 1731 2452 quatuor

129 2487 313 2534 annos,
351 2489 467 2522 cum
502 2475 653 2533 mihi,
689 2477 749 2522 ut
782 2476 836 2523 te
871 2475 1136 2537 scriptores
1172 2475 1358 2522 latinos
1392 2476 1729 2537 explicantem

130 2559 356 2608 audirem
372 2597 384 2620 ,
433 2560 672 2622 contigit,
719 2575 915 2622 semper
957 2560 1173 2607 miratus
1220 2575 1332 2607 sum
1381 2562 1528 2607 tuam
1573 2561 1729 2609 inter—

130 2646 364 2708 pretandi
396 2646 647 2694 rationem
663 2682 674 2704 ,
707 2660 864 2707 quae,
902 2645 1087 2692 mirum
1117 2646 1366 2706 quantum
1382 2681 1393 2702 ‚
1424 2644 1487 2692 ad
1517 2645 1729 2707 amplifi-

61 2725 65 2730 ’
132 2731 345 2780 caudam
373 2730 563 2778 artium
588 2730 872 2778 liberalium
900 2729 1203 2792 dignitatem
1230 2731 1282 2777 et
1310 2729 1374 2775 ad
1404 2729 1727 2777 excitandum

131 2815 185 2864 in
230 2815 587 2878 discipulorum
621 2814 802 2862 animis
838 2829 1014 2862 earum
1049 2813 1274 2861 studium
1308 2814 1612 2876 pertinebat.
1658 2815 1730 2862 At

131 2901 310 2950 subito-
343 2903 543 2964 praeter
585 2899 812 2948 omnium
857 2899 1283 2961 exspectationem
1317 2899 1371 2945 in
1406 2900 1570 2947 medio
1604 2900 1731 2947 inte-

131 3002 251 3050 grae
285 2987 471 3036 aetatis
504 2987 668 3049 spatio
703 2986 767 3033 ab
802 2985 984 3033 invidis
1018 2984 1187 3032 Parcis
1217 2999 1244 3032 e
1273 2984 1401 3032 vivis
1430 2986 1632 3046 ereptus
1661 2999 1728 3032 es.
