2014 3412
995 271 1088 318 ⁷84

253 413 404 460 quam
439 398 658 447 Herodes
691 399 950 461 reliquisse
983 398 1192 447 dicitur-‘3
1223 397 1467 460 Equidem
1491 398 1584 446 hoc
1612 397 1830 446 alterum

254 483 518 531 statuerim
532 521 543 543 ,
601 498 715 531 cum
761 486 960 546 tempus
1003 484 1107 530 iam
1153 483 1346 531 affatim
1391 483 1723 545 significatum
1768 482 1836 531 sit

254 568 494 616 vocabulo
551 569 770 632 νύκτωρ,
827 583 916 616 nec
961 569 1185 617 homines
1227 571 1339 616 tum
1383 568 1625 630 temporis
1658 567 1834 631 vigiles

248 667 354 699 esse
390 653 596 701 soleant.
633 653 820 701 Ceteris
854 653 1010 715 igitur
1039 653 1251 701 navibus
1280 667 1452 700 omnes
1482 652 1585 699 iam
1605 652 1832 700 cubitum

243 737 432 792 ierant,
470 737 554 786 sed
589 738 642 785 in
678 753 762 797 ea,
798 738 859 786 de
895 753 997 799 qua
1027 738 1303 799 loquimur,
1337 737 1660 801 ἐγρηγορότες
1677 737 1832 785 etiam

246 823 415 881 erant,
453 838 569 870 cum
603 823 752 870 hilari
785 823 1034 885 symposio
1069 822 1357 885 congregati
1387 822 1467 883 (cf.
1500 823 1633 883 §232
1666 820 1834 881 ἐπειδὴ

249 904 304 953 δὲ
336 907 672 968 μετεξέβημεν
706 907 778 962 εἰς
813 909 871 954 τὸ
904 910 1070 970 ἕτερον
1105 908 1305 966 πλοῖον,
1344 906 1626 968 ἐπίνομεν),
1658 921 1832 955 Somno

245 990 348 1038 iam
382 991 641 1053 indulgere
676 992 885 1040 nollent.
921 992 1051 1039 Hinc
1079 991 1712 1054 intellegimus,Herodem
1729 1005 1832 1039 non

248 1075 344 1123 dici
377 1077 575 1138 signum
610 1076 860 1138 quoddam
896 1076 1013 1124 dare
1041 1077 1262 1138 potuisse
1293 1084 1401 1131 τοῖς
1420 1076 1475 1125 ἐν
1494 1083 1604 1132 τοῖς
1622 1062 1830 1134 πλοίοις,

248 1161 335 1222 qui
370 1175 544 1208 somno
578 1160 680 1207 iam
716 1163 881 1209 essent
916 1161 1110 1220 obruti,
1148 1161 1232 1209 sed
1267 1162 1531 1210 comitibus
1566 1161 1690 1208 suis:
1723 1168 1832 1216 τοῖς

251 1246 308 1294 ἐν
341 1251 408 1308 τῷ
443 1246 620 1309 πλοίῳ,
656 1261 778 1307 quos
812 1245 1034 1294 nondum
1071 1246 1345 1294 domuisset
1379 1246 1657 1308 Morpheus,
1693 1245 1831 1294 Gete-

247 1346 361 1377 rum
395 1345 495 1378 non
524 1330 739 1377 nimium
768 1330 1089 1378 tribuendum
1122 1346 1225 1378 esse
1254 1330 1440 1379 Reiskii
1468 1330 1709 1390 versioni,
1727 1330 1829 1377 iam

247 1417 453 1477 apparet
488 1430 547 1462 ex
580 1414 669 1474 iis,
705 1429 832 1476 quae
866 1414 944 1462 vir
977 1414 1278 1461 clarissimus
1313 1414 1575 1463 adnotavit
1602 1414 1656 1461 in
1683 1413 1828 1462 initio

251 1499 488 1548 versionis
525 1514 643 1547 suae
677 1494 868 1547 latinae
901 1501 1024 1547 tom.
1062 1498 1183 1546 VIII
1217 1514 1326 1561 pag.
1370 1498 1474 1546 199.

316 1585 437 1645 §53
484 1586 617 1645 φασὶ
661 1583 716 1632 δὲ
764 1583 1172 1648 γραμματείόιον
1205 1585 1365 1647 εὑρεῖν
1401 1585 1455 1632 ἐν
1487 1590 1555 1647 τῷ
1588 1584 1767 1646 πλοίῳ,
1803 1584 1832 1632 ὃ

248 1670 472 1731 ἔπεμπον
506 1670 602 1734 ἐγὼ
635 1672 872 1733 Λυκίνῳ,
908 1671 976 1725 ὡς
1006 1670 1366 1728 ἀποκτείναιμι
1395 1670 1485 1717 τὸν
1515 1668 1693 1732 ἄνδρα.
1715 1668 1826 1716 καί-

248 1774 329 1803 τοι
363 1756 417 1802 τί
448 1755 545 1803 ἔδει
574 1774 636 1816 με
666 1754 1072 1819 γραμματείδιον
1107 1758 1332 1815 πέμπειν,
1362 1755 1518 1803 αὑτοῦ
1535 1753 1829 1810 συνειδότος

250 1848 339 1890 τοῦ
373 1842 431 1889 τὸ
467 1840 872 1906 γραμματείδιον
906 1845 1173 1904 φέροντος;
1211 1843 1334 1888 ὥστε
1358 1847 1504 1889 τοῦτο
1539 1839 1636 1901 μὲν
1670 1843 1828 1900 σαφέ-

251 1946 423 1988 στερον
475 1926 629 1982 αὐτὸς
679 1927 872 1989 ε’ζιιελλεν
924 1927 1052 1989 ε’ρεῑν
1104 1927 1130 1974 ὁ
1180 1927 1531 1990 εἰργασμένος,
1583 1931 1730 1974 τοῦτο
1774 1923 1830 1973 δὲ

245 2012 396 2061 οὐδὲν
433 2011 535 2061 ἔδει
571 2014 807 2076 κρύπτειν
845 2012 992 2059 αὐτά.
1041 2011 1361 2059 Contendunt
1394 2011 1691 2069 adversarii,
1726 2024 1830 2059 sese

248 2099 301 2146 in
336 2099 453 2147 navi
487 2098 734 2146 invenisse
770 2098 1065 2159 epistulam,
1100 2112 1130 2143 a
1165 2112 1244 2144 me
1279 2096 1464 2159 Lycino
1494 2096 1713 2155 missam,
1731 2110 1832 2157 qua

250 2184 511 2231 certiorem
558 2198 672 2231 eum
718 2183 956 2240 facerem,
1005 2181 1253 2228 Herodem
1297 2196 1328 2227 a
1378 2196 1456 2228 me
1501 2181 1830 2228 interemtum

249 2284 365 2317 esse.
412 2268 506 2326 At,
553 2268 673 2329 quid
718 2267 841 2314 mihi
887 2281 1009 2328 opus
1055 2267 1164 2314 erat
1179 2302 1190 2324 ,
1225 2266 1492 2328 epistulam
1529 2265 1755 2324 mittere,
1788 2264 1830 2312 si

246 2355 288 2401 is
306 2390 317 2412 ,
350 2353 437 2415 qui
470 2368 582 2401 eam
615 2353 865 2414 portaret,
898 2351 1003 2412 ipse
1035 2350 1257 2398 conscius
1290 2350 1451 2398 esset?
1483 2379 1542 2384 —
1573 2349 1709 2397 Haec
1725 2348 1828 2397 fere

249 2442 419 2488 textus
463 2438 683 2500 praebet.
730 2437 834 2499 Ego
880 2437 1050 2483 autem
1095 2436 1219 2483 scire
1266 2434 1536 2496 pervelim,
1580 2433 1827 2496 quomodo

250 2539 418 2573 servus
453 2524 538 2571 ille
574 2522 796 2571 conscius
832 2521 994 2568 factus
1030 2521 1096 2568 sit
1129 2519 1360 2568 facinoris
1395 2535 1425 2565 a
1452 2533 1535 2566 reo
1565 2517 1828 2566 commissi.

251 2609 328 2656 Ad
361 2609 489 2655 hanc
517 2608 651 2655 enim
680 2605 1033 2654 conscientiam
1058 2605 1214 2652 etiam
1231 2603 1464 2651 alludunt
1480 2601 1829 2651 antecedentia

250 2694 426 2743 Verba:
464 2693 637 2740 καίτοι
666 2692 724 2738 τὸ
752 2690 989 2754 παράπαν
1017 2689 1161 2754 ἔγωγ’
1190 2689 1258 2737 ἂν
1285 2692 1404 2736 εἴτι
1423 2686 1611 2750 συνῄδη
1629 2688 1830 2748 ἐμαυτῷ

254 2808 312 2813 -
332 2779 420 2826 καὶ
453 2781 521 2839 μὴ
539 2778 898 2827 ὑπολείπεσθαι
915 2775 1139 2836 μηνυτὰς
1160 2774 1272 2822 κατ’
1290 2775 1510 2834 ἐμαυτοῦ
1531 2773 1646 2828 τοὺς
1671 2789 1829 2821 συνει-

249 2863 405 2919 δότας
452 2865 537 2912 ubi
583 2878 740 2925 aeque
781 2863 834 2909 in
880 2862 1088 2909 obscuro
1133 2863 1233 2920 est,
1269 2860 1401 2907 unde
1434 2860 1607 2908 exorta
1641 2858 1708 2906 sit
1740 2858 1830 2904 illa

248 2949 560 2996 conscientia.
597 2947 839 3010 Equidem
872 2945 934 2993 ad
961 2946 1050 2993 has
1079 2946 1313 2993 tenebras
1343 2943 1675 2992 discutiendas
1703 2942 1830 2990 nihil
