2014 3412
1038 316 1098 363 52

269 435 536 498 piaculum.
578 438 712 486 Nam
728 478 739 495 ‚
775 440 849 486 ait
882 455 995 488 reus
1010 477 1021 499 ,
1056 455 1312 488 sumamus
1341 456 1421 489 me
1449 455 1621 490 revera
1646 457 1850 492 commi·

269 522 387 570 sisse
413 523 597 582 scelus,
627 539 715 572 vos
740 526 913 572 autem
944 540 1024 573 me
1054 526 1332 574 absolvere:
1364 528 1536 574 tamen
1565 529 1850 587 non'vobiS,

268 607 355 668 qui
389 623 528 656 meae
561 609 840 656 narrationi
875 609 1044 657 confisi
1075 625 1155 657 me
1184 610 1365 658 iudicio
1394 610 1723 671 absolveritis,
1746 612 1848 660 cul·

262 706 354 753 pae
387 692 438 738 id
474 692 570 740 erit
587 731 599 749 ,
631 693 715 741 sed
744 694 796 740 in
825 709 906 742 me
935 694 1098 741 solum
1128 709 1300 753 omne,
1325 694 1457 756 quod
1485 694 1600 742 inde
1627 696 1852 744 nascitur

261 775 515 836 piaculum
565 777 890 837 redundabit,
942 780 1118 840 utpote
1169 778 1256 839 qui
1299 778 1427 825 falsa
1471 780 1719 828 narrando
1763 794 1850 828 vos

263 859 553 921 deceperim.
608 860 770 909 Verba
786 898 797 920 ,
841 877 969 924 quae
1009 862 1072 909 ad
1105 862 1237 910 hunc
1270 861 1421 910 finem
1456 863 1695 922 effundit,
1731 864 1852 911 sunt

265 943 432 992 haece:
482 944 673 1000 ἀδίκως
716 945 814 1007 μὲν
862 947 960 1011 γάρ
1005 946 1308 1006 ἀπολυθείς,
1358 946 1445 995 διά
1493 948 1550 995 τὸ
1584 949 1654 1008 μὴ
1688 948 1853 1012 ὀρθῶς

260 1030 398 1088 ὑμᾶς
447 1029 779 1092 διδαχθῆναι
827 1033 1132 1096 ἀποφυγών,
1177 1039 1264 1081 τοῦ
1311 1035 1379 1093 μὴ
1413 1032 1724 1090 διδάξαντος
1757 1034 1850 1082 καὶ

264 1115 366 1176 οὐχ
399 1116 639 1180 ὑμέτερον
674 1118 763 1165 τὸν
794 1120 1163 1181 προςτρόπαιον
1193 1125 1280 1167 τοῦ
1308 1118 1672 1174 ἀποθανόντος
1693 1136 1850 1167 κατα·

265 1206 453 1261 στήσω,
496 1203 549 1249 in
594 1203 773 1264 quibus
819 1202 964 1250 valde
1013 1218 1213 1262 vereor,
1260 1205 1319 1250 ut
1366 1205 1500 1251 recte
1534 1203 1723 1250 tradita
1751 1203 1853 1251 sint

264 1287 375 1333 illa:
424 1294 512 1336 τοῦ
556 1290 625 1347 μὴ
667 1286 1007 1347 διδάξαντος,
1053 1288 1172 1350 quia
1215 1303 1328 1336 reus
1372 1303 1478 1336 sese
1522 1288 1720 1349 piaculo
1766 1287 1851 1336 ob—

265 1371 470 1419 noxium
505 1371 608 1420 fore
642 1372 832 1420 fatetur
846 1409 858 1431 ,
891 1387 992 1420 non
1021 1374 1198 1434 utpote
1226 1372 1313 1433 qui
1342 1372 1495 1431 1111111,
1524 1372 1608 1420 sed
1636 1372 1723 1434 qui
1750 1387 1852 1420 non

264 1459 400 1504 recte
444 1457 631 1505 iudices
677 1457 737 1505 de
774 1446 1047 1504 certamine
1083 1457 1322 1513 docuerit.
1368 1455 1542 1519 Neque
1575 1457 1627 1505 id
1659 1458 1852 1506 subter-

267 1541 399 1604 fugit
433 1542 689 1589 Reiskium
706 1578 717 1600 ,
751 1541 837 1603 qui
871 1541 933 1588 ad
968 1541 1090 1589 haec
1125 1542 1277 1589 verba
1310 1541 1544 1589 adnotat:
1577 1541 1628 1588 id
1657 1543 1734 1589 est
1763 1546 1852 1590 τοῦ

266 1628 335 1686 μὴ
384 1627 553 1691 ὀρθῶς
600 1624 937 1684 διδάξαντος,
976 1628 1097 1685 ἐμοῦ
1133 1624 1392 1685 δηλονότι;
1432 1625 1515 1674 sed
1558 1625 1739 1674 vellem
1772 1626 1852 1674 vir

269 1711 584 1758 doctissimus
635 1711 759 1758 illud
806 1711 976 1774 ὀρθῶς
1020 1726 1120 1759 non
1165 1711 1320 1759 tacite
1365 1710 1721 1773 supplevisset,
1767 1710 1854 1759 sed

268 1797 436 1858 potius
476 1797 715 1844 audacter
748 1797 801 1843 in
835 1799 982 1844 textu
1016 1797 1189 1858 reponi
1223 1796 1461 1843 iussisset.
1498 1824 1560 1831 —
1588 1795 1756 1843 Aliam
1789 1795 1851 1843 ad

271 1882 453 1930 vitium
495 1881 774 1928 sanandum
808 1882 943 1930 viam
977 1881 1225 1943 ingressus
1259 1882 1336 1928 est
1370 1880 1732 1939 Jernstedtius,
1766 1879 1852 1940 qui

270 1966 356 2013 1.1.
387 1981 496 2028 pag.
540 1966 622 2025 18,
657 1966 788 2027 quod
824 1965 1049 2013 omnium
1083 1965 1379 2012 facillimum
1414 1966 1517 2024 est,
1553 1964 1854 2027 particulam

269 2056 338 2111 μή
383 2051 523 2098 uncis
568 2050 796 2098 secludit.
844 2051 902 2097 In
949 2050 1043 2098 hac
1084 2052 1256 2098 tamen
1301 2050 1587 2097 coniectura
1620 2048 1671 2096 id
1704 2048 1852 2097 relin-

272 2137 444 2197 quitur
487 2135 711 2194 molesti,
755 2135 887 2196 quod
933 2135 1097 2193 nulla,
1144 2149 1230 2182 cur
1263 2134 1462 2182 invecta
1495 2134 1562 2182 sit
1595 2136 1725 2196 part.
1757 2137 1852 2196 μή,

273 2221 442 2268 adesse
475 2219 674 2268 videtur
706 2219 840 2266 iusta
873 2233 1046 2277 causa,
1082 2233 1196 2266 cum
1233 2219 1384 2266 simul
1417 2218 1467 2264 id
1502 2218 1693 2277 obstet,
1721 2218 1854 2280 quod

272 2305 448 2354 verba:
483 2306 552 2365 μὴ
588 2305 781 2367 ὀρθῶς,
818 2318 970 2365 quae,
1007 2303 1146 2364 (quia
1181 2317 1381 2350 causam
1417 2302 1652 2349 adferunt
1685 2302 1852 2364 dictis)

274 2405 474 2439 omnem
501 2391 553 2437 in
583 2404 635 2437 se
661 2389 929 2437 conciliant
958 2388 1075 2447 vim,
1103 2388 1242 2436 salva
1272 2387 1523 2435 sententia
1553 2387 1723 2435 abesse
1751 2402 1852 2435 non

274 2477 497 2537 possunt.
543 2474 594 2522 Si
626 2474 719 2522 hoc
754 2473 972 2520 alterum
1006 2487 1105 2520 non
1139 2474 1266 2520 esset
1301 2471 1587 2530 obstaculo,
1622 2471 1851 2532 equidem

276 2561 443 2621 potius
490 2574 579 2620 pro
624 2558 863 2607 vocabulo
908 2562 977 2616 μή
1021 2558 1256 2620 legerem:
1307 2558 1458 2618 ὑμᾶς.
1504 2555 1624 2614 Sed,
1658 2557 1718 2603 ut
1751 2555 1853 2604 iam

275 2645 403 2703 dixi,
449 2658 538 2705 ego
585 2643 708 2689 mihi
750 2642 1103 2690 tantummodo
1138 2642 1307 2703 placeo
1342 2641 1395 2687 in
1429 2639 1675 2687 reddendo
1709 2639 1853 2687 Anti-

274 2729 476 2792 phonti:
525 2732 611 2775 τοῦ
658 2729 725 2787 μὴ
759 2728 994 2788 (ὀρθῶς)
1031 2724 1365 2783 διδάξαντος,
1399 2724 1487 2793 6111-
1515 2723 1855 2783 coniecturae,

274 2815 327 2862 in
377 2829 529 2875 quam
580 2812 769 2859 dudum
818 2811 1087 2859 incideram
1105 2849 1116 2871 ,
1164 2812 1319 2859 etiam
1367 2807 1624 2856 Reiskium
1663 2807 1828 2857 favere
1843 2844 1856 2867 ,

275 2915 375 2948 non
409 2900 514 2947 sine
549 2912 730 2960 magno
764 2896 1096 2943 animadverti
1130 2895 1324 2958 gaudio.

343 3003 387 3049 y.
425 2986 453 3044 ἓ
481 2984 525 3031 4.
558 2986 585 3032 ὁ
621 2982 676 3031 δὲ
711 2983 866 3043 μείζω
901 2974 973 3029 ὧν
1006 2981 1146 3039 ἤθελε
1180 2980 1399 3044 πράξας,
1434 2986 1490 3039 τῇ
1527 2977 1704 3026 ἑαυτοῦ
1737 2977 1853 3027 ἀτυ-
