2014 3412
1013 266 1074 315 86

247 391 337 440 καὶ
381 392 536 447 αὐτὸς
581 389 672 450 ἤδη
715 395 970 440 τεθνεῶτα
1016 391 1312 440 συνανελεῖν
1361 410 1465 453 μοι.
1504 392 1636 454 §49t
1673 395 1702 444 ὃ
1735 391 1833 456 μὲν

247 478 345 541 γάρ
380 476 558 532 δοῦλος
594 464 685 526 δύο
719 477 852 541 λόγω
885 477 1030 542 ἔλεγε·
1070 475 1181 524 τοτὲ
1215 475 1314 537 μὲν
1343 477 1438 538 ἔφη
1465 497 1528 538 με
1556 478 1833 543 εἰργάσθαι

247 563 306 610 τὸ
350 564 524 626 ἔργον,
570 564 681 611 τοτὲ
719 561 774 610 δὲ
809 563 899 611 οὐκ
934 563 1040 623 ἔφη.
1081 561 1211 623 §562
1247 563 1298 610 εἰ
1326 563 1422 626 γαρ
1454 566 1708 627 ἡγήσαντο
1744 566 1836 615 τὸν

247 646 415 711 ἄνδρα
451 648 638 696 πείσειν
672 647 772 696 α’πὸ
807 650 998 712 πρώτης
1033 646 1452 707 καταψεύδεσθαί
1475 667 1604 709 μου,
1641 651 1734 698 οὐκ
1767 650 1836 704 ἄν

249 732 352 780 ποτ’
389 734 786 794 ἐμηχανήσαντο
822 733 886 781 τά
921 734 975 781 ἐν
1010 738 1078 796 τῷ
1107 732 1505 798 γραμματειδίῳ.
1536 734 1835 784 Fortassein

249 832 359 865 eam
411 818 742 880 suspicionem
794 818 1024 867 inciderit
1070 818 1343 880 quispiam,
1394 821 1479 878 ut,
1528 820 1693 868 deleto
1727 822 1755 880 ἓ
1773 819 1834 868 53

248 903 423 962 verbo,
459 904 590 965 quod
624 904 729 952 sine
764 905 869 952 ullo
898 904 1177 952 sententiae
1208 904 1511 953 detrimento
1542 905 1697 953 deleri
1724 907 1835 968 pot-

249 990 350 1046 est,
387 992 746 1053 ειργασμένος,
782 989 959 1037 deinde
993 989 1143 1037 finem
1174 989 1424 1050 sequentis
1448 989 1745 1052 paragraphi
1761 989 1836 1038 ita

251 1074 659 1122 constituendum
692 1090 797 1122 esse
832 1076 1092 1122 autumet:
1132 1075 1158 1122 ὁ
1182 1071 1281 1134 μὲν
1299 1074 1396 1138 γάρ
1413 1075 1836 1135 βασανιζόμενος

251 1161 441 1221 [αὐτὸς]
508 1161 603 1221 ἔφη
655 1165 1148 1218 <συν>αποκτεῖναι,
1209 1161 1267 1208 τὸ
1319 1159 1375 1208 δὲ
1427 1159 1836 1224 γραμματείδιον

249 1245 510 1308 ἀνοιχθὲν
546 1245 631 1306 ἐμὲ
668 1251 901 1309 (μόνον)
938 1248 1026 1306 (μο
1060 1261 1149 1308 per
1182 1246 1592 1308 haplographiam
1627 1246 1834 1305 omisso,

248 1330 427 1378 literae
463 1349 575 1378 νον
610 1332 843 1379 abierunt
876 1331 929 1378 in
963 1330 1187 1378 codicum
1223 1330 1515 1378 lectionem:
1551 1331 1656 1386 τὸν)
1693 1330 1834 1393 [ἀπο-

249 1416 541 1476 κτείναντα]
609 1417 814 1478 ἐμήνυε;
876 1415 957 1463 sed
1010 1430 1072 1463 ne
1117 1415 1209 1462 tali
1254 1414 1454 1476 quidem
1511 1416 1835 1476 quantumvis

250 1500 471 1548 violenta
525 1502 576 1548 et
625 1498 801 1548 audaci
844 1500 1129 1548 coniectura
1162 1500 1435 1561 quidquam
1471 1499 1834 1561 proficeremus

250 1584 410 1644 Nam,
446 1585 677 1646 quamvis
713 1584 922 1632 fortasse
957 1584 1076 1640 haec
1111 1583 1259 1631 lectio
1294 1583 1461 1644 aliquo
1492 1584 1638 1632 modo
1667 1599 1836 1632 conso—

252 1669 373 1716 ciari
417 1670 572 1731 possit
621 1670 716 1728 eis,
763 1684 890 1731 quae
933 1668 986 1715 in
1020 1670 1220 1716 tortura
1256 1683 1427 1715 servus
1465 1668 1696 1728 dixisset,
1733 1669 1833 1717 scil.

249 1768 392 1800 reum
428 1768 532 1802 esse
566 1755 656 1802 τὸν
692 1753 1094 1810 ἀποκτείναντα,
1129 1754 1329 1810 tamen,
1364 1767 1426 1799 ne
1460 1752 1535 1800 ita
1568 1752 1834 1813 faciamuS‚

250 1853 403 1899 quam
433 1839 650 1887 maxime
669 1840 874 1886 obstant
893 1841 919 1898 ἓ
939 1839 999 1885 39
1019 1838 1195 1886 verba:
1218 1837 1314 1899 ἐγὼ
1333 1835 1395 1884 δέ
1409 1855 1539 1897 φημι
1558 1845 1719 1886 ταῦτα
1735 1837 1836 1898 μὲν

250 1924 311 1971 οὐ
344 1923 508 1988 λέγειν
544 1925 731 1984 αὐτόν,
769 1925 849 1971 ὅτι
885 1922 947 1971 δέ
976 1938 1016 1971 e.
1037 1939 1082 1984 q.
1104 1937 1140 1969 s.
1181 1921 1461 1983 Utcumque
1492 1937 1544 1970 se
1563 1938 1640 1971 res
1658 1923 1834 1983 habet,

249 2008 425 2070 utique
454 2024 625 2057 censeo
655 2009 763 2070 §53
790 2009 1090 2058 vocabulum
1118 2010 1454 2071 ειργασμένος
1482 2009 1533 2055 et
1558 2008 1586 2066 ἓ
1604 2006 1665 2054 54
1683 2007 1836 2056 verba

251 2094 409 2148 αὐτὸς
447 2095 539 2155 ἔφη
575 2094 874 2143 ἀποκτεῖναι
908 2095 1142 2155 corrupta
1168 2107 1297 2149 esse,
1325 2108 1439 2140 cum
1458 2107 1559 2139 non
1577 2092 1739 2140 solum
1755 2093 1836 2140 tot

250 2180 384 2227 inter
418 2195 469 2227 se
497 2180 913 2228 concordantibus
942 2178 1060 2226 locis
1090 2193 1239 2239 supra
1255 2178 1396 2225 lectis
1416 2179 1731 2239 oppugnent,
1751 2177 1835 2225 sed

251 2265 407 2312 etiam
437 2267 464 2324 ἓ
484 2264 543 2311 56
574 2265 760 2320 verbis:
784 2264 943 2329 είγοὶρ
963 2267 1214 2327 ἡγήσαντο
1233 2263 1322 2310 τὸν
1340 2261 1507 2325 ἄνδρα
1528 2263 1713 2310 πείσειν
1735 2261 1836 2311 ἀπὸ
1861 2255 1863 2258 ’

251 2351 442 2413 πρώτης
479 2348 907 2410 καταψεύδεσθαί
931 2367 1057 2410 μου,
1093 2364 1245 2410 quam
1274 2347 1492 2394 maxime
1523 2347 1833 2395 refellantur.

315 2434 487 2482 Habeo
521 2435 678 2496 igitur
712 2435 927 2493 nodum,
958 2448 1108 2496 quem
1142 2431 1389 2493 quomodo
1415 2431 1604 2479 solvere
1633 2421 1834 2492 possim,

249 2518 437 2566 frustra
471 2520 684 2567 elaboro.
720 2519 905 2567 Vereor
939 2533 1082 2576 sane,
1116 2532 1179 2565 ne
1214 2517 1266 2563 in
1303 2530 1467 2564 errore
1502 2529 1690 2574 verser,
1718 2530 1833 2562 cum

249 2603 376 2650 nihil
424 2619 454 2650 a
497 2618 751 2665 quoquam
798 2604 906 2651 viro
952 2603 1096 2650 docto
1131 2601 1192 2648 de
1224 2601 1319 2648 tali
1353 2599 1649 2647 difficultate
1682 2599 1833 2647 adno-

248 2688 418 2734 tatum
463 2688 685 2746 videam;
723 2688 807 2735 sed
841 2690 1014 2735 tamen
1048 2687 1318 2748 impetrare
1353 2700 1383 2731 a
1416 2699 1495 2731 me
1529 2698 1630 2732 non
1663 2683 1834 2746 potui,

249 2773 335 2830 ut,
370 2772 489 2833 quid
525 2787 604 2831 me
639 2774 871 2834 angeret,
906 2772 1181 2819 reticerem.

317 2858 344 2916 ἓ
381 2857 455 2904 55.
508 2850 850 2905 Bohlma'nnus
897 2871 1008 2919 pag.
1058 2855 1115 2903 25
1162 2869 1260 2916 seq.
1309 2854 1369 2901 de
1413 2853 1507 2901 hoc
1550 2853 1658 2901 loco
1691 2851 1833 2899 docte
1881 2851 1885 2854 ’

252 2940 493 2989 disserens
547 2941 689 2989 nobis
735 2940 1030 3003 persuadere
1072 2939 1266 2998 studet,
1300 2939 1414 3000 post
1449 2938 1622 2986 verba:
1658 2935 1831 2985 καίτοι
