2014 3412
1019 290 1082 337 42

250 417 485 479 praebet‘l
504 416 745 479 Equidem
767 418 948 465 saltem
964 454 975 476 ,
992 419 1052 465 ut
1068 418 1142 465 ita
1158 417 1426 478 faciamus,
1443 434 1595 480 quam
1613 419 1831 468 maxime

250 502 446 550 suadeo,

313 587 383 633 At
426 587 586 634 altera
631 588 786 634 etiam
821 603 955 635 nunc
991 588 1151 634 restat
1184 587 1475 646 difficultas,
1515 602 1642 650 quae
1673 587 1830 651 impe·
1904 610 1907 612 ·

246 671 346 729 dit,
381 672 647 732 quominus
674 674 850 724 totum
885 670 1146 734 prologum
1183 674 1318 719 recte
1351 672 1640 734 intellegere
1673 673 1825 735 possi-

247 771 371 803 mus.
424 756 585 804 Verba
630 756 789 815 enim,
832 771 959 818 quae
1004 771 1118 803 reus
1152 771 1361 818 pergens
1396 756 1600 804 subicit:
1639 758 1695 805 ἐκ
1728 762 1829 805 τῶν

245 841 528 905 λεγομένων
571 842 670 905 γάρ
714 845 741 900 ἡ
785 840 998 900 ἀλήθεια
1046 845 1259 889 σκεπτέα
1296 842 1467 890 αὐτῶν
1502 843 1670 900 ἐστίν,
1701 841 1828 889 nihil

247 925 300 972 in
351 926 760 987 praecedentibus
805 926 1020 984 habent,
1066 941 1164 988 quo
1211 926 1385 974 referri
1431 927 1650 988 possint,
1695 927 1829 989 quod

248 1011 421 1057 tamen
455 1025 578 1071 opus
613 1025 715 1058 esse
744 1011 866 1057 satis
896 1025 1140 1072 superque
1165 1011 1355 1058 indicat
1384 1010 1555 1058 addita
1582 1011 1830 1073 particula

250 1094 361 1158 γάρ.
397 1095 557 1150 Quare
591 1095 916 1142 statuendum
941 1095 1084 1142 credo
1099 1131 1110 1153 ‚
1140 1097 1230 1142 aut
1257 1097 1385 1156 part.
1416 1099 1514 1159 γάρ
1542 1097 1829 1157 corruptam

249 1166 452 1241 eiusque
485 1179 593 1227 loco
628 1179 990 1226 restituendam
1026 1194 1156 1237 esse,
1186 1194 1400 1240 quacum
1420 1180 1606 1227 totiens
1623 1178 1830 1227 confusa

249 1266 350 1323 est,
395 1264 696 1326 particulam
741 1262 822 1321 δέ,
870 1265 961 1310 aut
995 1264 1171 1312 verba:
1210 1265 1264 1311 ἐκ
1299 1270 1401 1312 τῶν
1434 1264 1528 1328 hy.
1566 1292 1625 1298 —-
1661 1245 1829 1322 ἐστΐν,

249 1363 376 1410 quae
419 1349 561 1410 quasi
606 1347 948 1409 parenthetice
993 1348 1178 1395 addita·
1199 1350 1318 1396 sunt
1332 1385 1344 1406 ,
1380 1348 1495 1395 hinc
1529 1347 1831 1396 removenda

248 1435 301 1481 et
345 1433 538 1494 aptiore
583 1433 690 1480 loco
736 1432 997 1480 inserenda
1041 1447 1162 1480 esse.
1208 1432 1274 1479 Iis
1291 1469 1303 1491 ,
1350 1433 1437 1494 qui
1470 1446 1664 1480 mecum
1699 1432 1830 1480 hanc

247 1518 461 1565 alteram
494 1517 631 1565 viam
665 1517 858 1578 ingredi
893 1517 1075 1564 malint
1091 1553 1102 1575 ,
1136 1519 1313 1564 auctor
1339 1517 1434 1564 sim
1450 1553 1461 1575 ,
1490 1517 1550 1563 ut
1576 1515 1653 1563 his
1671 1516 1831 1564 verbis

247 1602 413 1649 locum
447 1601 501 1647 in
536 1600 856 1662 sequentibus
891 1601 1175 1648 attribuant
1209 1603 1344 1663 post:
1383 1599 1545 1648 ἄδικα
1575 1598 1832 1659 abamita

248 1687 309 1732 ut
352 1685 411 1732 iis
455 1686 584 1733 ratio
620 1685 883 1743 reddatur,
921 1700 1009 1733 cur
1043 1701 1154 1734 reus
1189 1686 1370 1733 dixerit
1406 1686 1503 1750 ἐγὼ
1538 1683 1616 1742 δέ,
1655 1684 1706 1733 εἰ
1730 1687 1830 1745 μέν

248 1788 296 1816 τι
328 1769 511 1830 ψεῦδος
541 1774 729 1834 εἴρηκα,
763 1770 995 1834 ὁμολογῶ
1025 1772 1116 1818 καὶ
1141 1771 1205 1818 τά
1231 1771 1399 1834 ὀρθῶς
1425 1772 1661 1834 εἰρημένα
1682 1787 1830 1834 προσ-

247 1854 550 1915 διαβάλλειν
602 1854 763 1902 ἄδικα
821 1853 982 1913 effatam
1040 1856 1159 1917 quia
1214 1856 1454 1917 nimirum
1499 1855 1686 1903 iudices
1737 1857 1829 1914 τὴν

248 1940 497 2000 ἀλήθειαν
544 1947 630 1989 τοῦ
674 1941 968 2004 πράγματος
1011 1941 1216 1986 tantum
1263 1939 1493 2001 colligere
1527 1943 1735 2001 possunt
1767 1955 1828 1988 ex

247 2027 356 2088 ipsa
398 2026 469 2073 rei
507 2026 806 2073 narratione.
844 2024 977 2072 Nam
1012 2023 1337 2086 Participium
1372 2024 1652 2088 λεγομένων
1682 2025 1831 2072 tanta

249 2126 365 2158 cum
400 2109 622 2170 emphasi
655 2109 708 2155 in
737 2109 882 2157 initio
912 2109 1130 2170 positum
1149 2111 1249 2166 est,
1268 2110 1326 2155 ut
1344 2109 1477 2170 ipsa,
1495 2124 1595 2170 qua
1611 2108 1829 2168 effertur,

248 2193 299 2241 vi
316 2193 635 2240 nanciscatur
652 2193 909 2240 notionem
930 2192 1220 2240 verborum:
1241 2193 1409 2240 αὐτῶν
1430 2197 1527 2240 τῶν
1545 2193 1830 2257 λεγομένων

247 2277 280 2323 i.
300 2291 341 2324 e.
377 2291 437 2324 ex
470 2276 590 2337 ipsis
606 2312 617 2334 ,
653 2276 832 2337 quibus
867 2291 943 2323 res
978 2279 1215 2322 narratur
1250 2277 1426 2324 verbis.

314 2359 544 2407 Ceterum
581 2359 730 2406 nimis
765 2360 1074 2406 abundantia
1107 2361 1159 2407 et
1192 2360 1339 2421 plane
1374 2361 1708 2409 intolerabilia
1741 2361 1830 2408 illa

248 2442 406 2491 ἄδικα
449 2442 610 2502 εἶναι,
645 2459 735 2506 ego
769 2444 1117 2505 interpolatori
1154 2445 1322 2506 potius
1357 2445 1605 2492 reddenda
1638 2446 1829 2506 putem,

247 2544 398 2590 quam
433 2544 547 2576 cum
581 2529 922 2586 Bohlmanno,
955 2529 1042 2590 qui
1070 2544 1128 2576 ea
1157 2530 1189 2575 l.
1220 2529 1250 2576 l.
1283 2544 1393 2591 pag.
1430 2528 1486 2578 17
1518 2544 1616 2591 seq.
1635 2529 1688 2575 in
1705 2528 1830 2585 ἄξια

245 2611 385 2660 εἶναι
421 2613 729 2660 emendanda
763 2613 1023 2675 proponit,
1055 2616 1286 2675 corrupte
1315 2614 1504 2661 tradita
1534 2614 1830 2662 existimem.

247 2697 318 2743 At
350 2711 484 2755 ecce,
521 2711 635 2744 cum
671 2697 792 2744 haec
826 2697 928 2743 iam
963 2698 1181 2755 absolvi,
1210 2698 1333 2745 mihi
1362 2698 1414 2744 in
1443 2700 1664 2746 mentem
1692 2698 1832 2746 venit

249 2781 555 2838 coniectura,
602 2781 1029 2829 Bohlmannianae
1073 2782 1208 2829 illius
1243 2782 1377 2828 haud
1410 2784 1518 2828 tam
1552 2782 1802 2829 dissimilis
1819 2817 1832 2840 ,

250 2866 363 2912 scil:
418 2863 822 2918 <τ>άὸ’ἱκα<να“>
873 2862 1037 2924 εἶναι,
1081 2866 1112 2912 i.
1146 2881 1187 2913 e.
1233 2866 1309 2912 sin
1355 2868 1527 2913 autem
1573 2865 1832 2913 mendacia

249 2950 533 3010 protulero,
569 2949 803 3010 profiteor
819 2989 830 3007 ‚
866 2949 987 2997 haec
1021 2951 1128 3011 ipsa
1158 2952 1278 3012 apta
1306 2965 1435 3010 esse,
1455 2951 1515 2997 ut
1533 2965 1591 2998 ea
1608 2964 1829 3012 quoque,
