2014 3412
967 274 1058 327 117

953 468 1074 511 VIII.

47 587 49 589 ,
98 582 107 587 .,
214 544 474 611 legendum
504 549 600 591 est:

67 615 110 654 ,11³
163 660 167 662 v
227 610 242 618 Η
263 626 490 693 ‘Iaocratis
518 631 633 686 orat.
668 630 729 672 X.
762 633 787 682 ἓ
816 631 892 674 10:
921 633 988 672 νῦν
1005 629 1045 672 δὲ
1063 629 1354 682 παραπλήσιόν
1371 635 1478 681 (τι)
1496 631 1674 671 ποιοῦσιν
1691 641 1812 683 seqq.

623 712 727 754 XII.
756 715 781 764 ἓ
808 714 889 756 97:
923 737 969 743 —
998 710 1130 764 ὥσπερ
1163 710 1463 764 αἰχμαλώτους
1496 711 1709 763 εἰληφυῒαι
1739 709 1813 752 διε·

916 791 1088 842 Adaeum
1123 791 1481 834 κατεδουλώσαντο
1508 791 1652 838 πιέσαις
1678 790 1814 837 αὐτὰς

915 873 986 915 καὶ
1013 872 1306 924 παραπλήσιόν
1332 879 1440 927 (τι)
1468 872 1664 921 ἐποίησαν
1685 885 1727 927 q.
1746 885 1783 916 S.

735 958 760 1007 ἓ
778 946 886 998 203:
913 979 955 985 —
978 954 1208 1006 ὑπολαβεῖν
1229 953 1271 995 θ’
1291 956 1341 1001 ὥς
1355 953 1526 1007 αἰσχρόν
1545 959 1648 1005 (τι)
1661 953 1813 1003 ποιήσω

911 1036 983 1078 καὶ
1017 1035 1139 1079 δεινόν
1171 1049 1213 1090 q.
1246 1049 1282 1080 S.

485 1116 618 1170 epist.
653 1117 708 1160 II.
742 1120 767 1169 ἓ
797 1118 878 1160 15:
909 1115 979 1159 καὶ
997 1116 1081 1169 γὰρ
1098 1115 1148 1159 ἄν
1165 1116 1320 1159 ἄτοπόν
1338 1119 1444 1169 (τι)
1463 1115 1614 1166 ποιοίης
1630 1118 1737 1160 cett.

942 1265 1086 1308 VIIII.

273 1387 328 1431 In
357 1387 498 1433 altero
529 1389 701 1442 epodon
733 1389 933 1433 carmine
965 1390 1183 1434 Horatius
1208 1390 1372 1434 festive
1399 1391 1578 1435 vellicat
1603 1389 1648 1433 id
1673 1400 1817 1443 genus

216 1468 479 1524 hominum,
522 1469 766 1514 identidem
813 1471 1146 1527 vituperatum,
1195 1472 1242 1514 in
1288 1472 1404 1525 quod
1451 1472 1643 1526 quadrat
1687 1470 1816 1514 illud:

216 1535 340 1594 video
379 1550 565 1594 meliora
597 1551 844 1606 proboque,
883 1552 1105 1594 deteriora
1150 1564 1325 1606 sequor.
1371 1552 1438 1595 At
1466 1553 1516 1595 in
1545 1551 1820 1611 lepidiesima

218 1641 358 1685 quam
398 1630 455 1675 ad
496 1630 619 1674 hunc
659 1631 798 1674 finem
832 1632 1134 1685 proferentem
1165 1632 1339 1676 inducit
1368 1632 1667 1676 feneratorem
1697 1632 1819 1676 vitae

215 1711 415 1771 rusticae
445 1712 728 1767 laudatione,
763 1713 917 1766 inepte
948 1724 997 1756 se
1027 1713 1198 1756 habent
1229 1725 1299 1756 vs.
1334 1713 1391 1757 37
1425 1725 1526 1767 seq:

456 1793 560 1847 quis
591 1805 682 1837 non
715 1794 964 1844 malarum,
998 1806 1111 1848 quas
1142 1805 1270 1837 amor
1303 1805 1434 1837 curas
1464 1794 1601 1837 habet

455 1874 567 1918 haec
597 1873 718 1918 inter
743 1874 1054 1918 obliviscitur?

211 1954 268 2002 In
298 1954 443 2011 priore
474 1965 612 1999 versu
643 1955 812 1998 vitium
842 1954 956 1999 latet
988 1956 1073 1998 sub
1104 1955 1343 1999 vocabulo:
1373 1955 1618 1998 malarum.

982 2111 1044 2154 X.

210 2234 383 2281 Ibidem
414 2237 563 2282 XVH.
598 2249 668 2281 vs.
705 2237 757 2281 21
794 2249 911 2292 seq.:

546 2318 664 2372 fugit
694 2319 936 2372 iuventas;
968 2321 1016 2362 et
1048 2318 1331 2362 verecundus
1357 2319 1474 2362 color

547 2399 729 2453 reliquit
762 2411 890 2455 ossa,
925 2399 1038 2454 pelle
1069 2399 1242 2451 amicta
1270 2398 1428 2442 lurida.

274 2478 446 2523 Iniuria.
470 2479 705 2524 Bentleius
717 2512 728 2531 ,
757 2480 949 2524 verbum
965 2481 1148 2535 reliquit
1164 2480 1275 2524 false
1292 2479 1643 2535 interpretatus,
1665 2482 1819 2524 tentat

172 2599 176 2603 .
213 2571 311 2604 voc.
342 2572 458 2604 ossa.

971 2708 1053 2751 XI.

213 2830 415 2888 Proport.
449 2833 549 2876 1111.
586 2833 655 2875 11.
691 2844 760 2876 vs.
797 2832 906 2876 102:

82 2920 95 2929 ἰ
213 2919 218 2933 ’
541 2913 682 2957 Cuius
712 2914 945 2958 honoratis
977 2925 1080 2958 ossa
1110 2915 1341 2959 vehantur
1373 2916 1488 2959 avis.

273 2994 399 3040 Haeo
427 2994 566 3039 verba
598 2995 800 3039 nondum
830 2996 963 3039 recte'
983 2996 1236 3040 constituta
1268 2998 1393 3040 sunt.
