2014 3412
1025 260 1115 311 104

274 389 412 436 terea
467 387 655 436 frustra
711 390 984 450 quaeratur
998 425 1009 447 ,
1054 403 1152 450 quo
1198 386 1455 436 referenda
1496 386 1563 435 sit
1607 388 1853 450 particula

275 474 386 538 γάρ.
422 474 530 522 Etsi
565 477 736 522 autem
773 490 875 521 una
909 474 1125 535 quadam
1161 473 1372 521 fortasse
1403 473 1752 522 emendatione
1777 473 1854 522 his

275 559 493 606 tenebris
538 559 700 607 lucem
746 559 908 606 afferri
943 573 1083 620 posse
1117 572 1297 620 negare
1331 572 1431 605 non
1465 558 1648 617 audeo,
1682 560 1855 608 tamen

275 643 437 689 tutius
483 643 607 690 duco
652 643 856 691 interim
901 643 1134 690 lacunam
1182 643 1405 690 statuere
1421 678 1432 700 ‚
1479 642 1532 689 in
1576 642 1710 691 hunc
1753 642 1855 691 fere

278 726 481 774 modum
525 727 875 789 supplendam:
923 729 1046 775 ὥστε
1091 727 1183 774 καὶ
1232 727 1353 790 πρὸς
1386 727 1530 787 ὑμῶν
1564 724 1698 775 εἶναι
1734 727 1854 776 απο-

278 812 620 873 ψηφίσασθαί
645 830 744 873 μου
780 819 885 861 νῦν.
923 813 1016 860 Sed
1044 827 1107 860 ne
1135 812 1204 859 sic
1233 812 1432 874 quidem
1462 812 1597 860 locus
1626 812 1690 860 ab
1717 811 1854 861 omni

276 899 419 959 parte
463 900 596 945 recte
642 912 692 945 se
733 897 910 956 habet,
956 912 1075 944 nam
1121 896 1406 958 sequentia:
1449 902 1596 945 τοῦτο
1629 894 1727 958 μὲν
1759 896 1856 961 γάρ

276 983 391 1042 ἐμοὶ
425 986 735 1042 πιθομένοις
769 983 894 1044 ὑμῖν
926 981 1267 1043 μεταμελῆσαι
1302 982 1468 1037 ἔστιν,
1505 982 1601 1030 diei
1637 983 1718 1030 vix
1744 984 1854 1044 pot-

278 1068 379 1125 est,
434 1082 586 1128 quam
637 1067 941 1128 displiceant.
1006 1066 1166 1114 Nemo
1213 1067 1346 1114 enim
1391 1081 1492 1114 non
1537 1066 1698 1125 videt,
1748 1066 1855 1114 fieri

275 1151 521 1213 potuisse,
568 1154 627 1199 ut
660 1151 843 1199 iudices
876 1152 1155 1213 poeniteret
1188 1165 1288 1198 non
1323 1151 1488 1198 minus
1523 1151 1564 1197 si
1600 1153 1854 1199 accusato·

273 1235 409 1282 ribus
443 1251 596 1296 quam
631 1236 671 1282 si
705 1235 949 1283 defensori
984 1250 1173 1283 morem
1204 1235 1492 1297 gessissent,
1510 1236 1584 1282 ita
1602 1238 1662 1283 ut
1678 1236 1853 1285 verba:

277 1320 390 1380 ἐμοὶ
425 1323 759 1381 πιθομένοις,
795 1335 922 1381 quae
955 1322 1160 1382 propter
1194 1320 1444 1381 opposita:
1484 1321 1680 1375 τούτοις
1709 1325 1854 1369 πιθο-

273 1408 465 1466 μένους
526 1406 698 1453 abesse
757 1420 857 1452 non
908 1405 1053 1463 licet,
1104 1405 1156 1450 in
1207 1405 1396 1451 tradita
1445 1405 1656 1453 lectione
1704 1420 1856 1467 quam

277 1491 491 1537 maxime
521 1490 848 1537 abundarent.
879 1489 1091 1550 Utique,
1121 1489 1162 1535 si
1190 1489 1309 1550 quid
1338 1489 1526 1547 sentio,
1556 1490 1677 1538 haec
1704 1490 1858 1539 verba

275 1577 383 1622 arte
426 1574 670 1622 nectenda
716 1576 834 1621 sunt
878 1589 992 1621 cum
1038 1573 1476 1634 subsequentibus,
1510 1575 1570 1621 ut
1603 1574 1720 1621 talis
1756 1574 1858 1622 fere

276 1659 462 1707 existat
514 1658 787 1706 sententia:
842 1658 883 1705 si
935 1672 1023 1706 vos
1074 1658 1195 1705 olim
1247 1657 1376 1705 forte
1426 1658 1549 1704 mihi
1601 1647 1857 1706 obsecutos

274 1758 378 1791 esse
433 1743 735 1805 paenitebit,
792 1742 968 1789 statim
1016 1741 1314 1804 supplicium
1361 1742 1420 1789 de
1436 1782 1448 1794 .
1466 1757 1545 1789 me
1590 1742 1856 1801 sumendo,

273 1829 532 1888 peccatum
569 1829 791 1874 vestrum
827 1827 1092 1874 restituere
1124 1825 1367 1887 poteritis.
1405 1825 1512 1873 Hac
1537 1826 1856 1886 difficultate,

273 1912 335 1958 ad
379 1927 531 1973 quam
577 1911 794 1967 accedit,
839 1911 972 1972 quod
1021 1911 1171 1958 verba
1215 1916 1358 1958 τοῦτο
1400 1913 1526 1971 μέν,
1573 1911 1654 1958 cui
1697 1911 1750 1958 in
1784 1926 1857 1959 se-

272 1996 539 2058 quentibus
573 1996 934 2057 respondeant,
969 2010 1070 2042 non
1105 1995 1318 2052 habent,
1353 1995 1497 2043 facile
1525 1995 1770 2055 adducor,
1797 1997 1858 2043 ut

272 2083 384 2143 post
444 2081 705 2139 lacunam,
762 2095 913 2142 quam
973 2081 1143 2126 statuo
1160 2116 1171 2138 ,
1217 2094 1420 2142 pergam
1466 2079 1696 2142 legendo:
1745 2086 1855 2129 τοῦ

271 2165 369 2226 μὲν
415 2167 513 2231 γάρ
550 2166 662 2226 ἐμοὶ
697 2169 1005 2226 πιθομένοις
1038 2166 1167 2225 ὑμῖν
1198 2165 1565 2225 μεταμελῆσαι,
1601 2165 1711 2213 ἔστι
1749 2168 1856 2228 [καὶ

272 2256 467 2315 τούτου]
498 2255 774 2318 φάρμακον
808 2257 864 2300 τὸ
899 2249 1058 2307 αὖθις
1092 2251 1336 2308 κολάσαι,
1373 2258 1458 2301 τοῦ
1495 2252 1548 2301 δε
1581 2269 1626 2315 q.
1646 2269 1682 2300 s.
1730 2253 1855 2301 Cum

270 2340 502 2386 librarius
558 2354 646 2401 pro
702 2357 761 2385 w
815 2353 902 2399 per
948 2337 1343 2399 dittographiam
1390 2338 1664 2399 scripsisset
1708 2355 1853 2396 ww,

269 2423 377 2470 fieri
424 2423 505 2469 vix
552 2424 775 2484 poterat,
823 2422 944 2484 quin
980 2421 1281 2468 adderentur
1319 2421 1493 2472 verba:
1531 2422 1623 2468 καὶ
1659 2423 1851 2470 τούτου.

269 2507 407 2563 Quod
453 2509 624 2555 autem
672 2507 734 2553 ad
781 2506 944 2555 verbi:
1004 2505 1272 2566 μεταμέλει
1306 2523 1398 2565 μοι
1434 2520 1549 2552 cum
1584 2505 1887 2568 Participio‚

268 2592 430 2640 iuncti
477 2593 812 2647 structuram,
863 2591 1085 2638 conferas
1134 2591 1266 2650 391:
1316 2589 1405 2649 ἤδη
1448 2589 1510 2637 δέ
1538 2608 1677 2638 τισιν
1709 2590 1854 2652 ὑμῶν

267 2678 359 2724 καὶ
403 2677 729 2738 μετεμέλησεν
774 2676 1154 2724 ἀπολωλεκόσιν.
1198 2675 1428 2724 Ceterum
1464 2675 1576 2724 vide
1609 2675 1854 2738 Kruegeri

266 2778 338 2825 gr.
373 2778 443 2824 gr.
482 2761 605 2822 556.
643 2761 687 2809 6.
726 2762 755 2807 4
792 2764 843 2810 et
876 2762 1054 2809 Kochii
1090 2763 1118 2820 ἓ
1141 2761 1244 2808 125.
1282 2761 1325 2808 4.
1365 2761 1406 2808 2.

332 2846 511 2895 Nonne
557 2847 710 2894 etiam
756 2848 848 2893 aut
891 2846 1159 2907 utrobique
1204 2847 1294 2893 aut
1340 2861 1428 2907 pro
1475 2846 1634 2893 altero
1669 2845 1846 2893 saltem

268 2932 377 2979 ἔστι
413 2931 725 2979 scribendum
761 2930 939 2979 ἔσταιῖ
