2014 3412
1015 298 1077 346 62

264 425 367 473 Sint
413 425 525 472 illa:
576 428 604 484 ἡ
655 425 847 473 τούτων
897 423 1144 483 βιαιότης
1194 423 1286 471 καὶ
1332 426 1654 487 παρανομία,
1687 440 1844 490 quae,

263 525 387 558 num
421 510 626 558 tolerari
659 509 850 572 possint
864 547 875 565 ,
913 511 972 556 ut
1006 509 1328 556 decernamus
1342 545 1355 566 ,
1384 511 1533 572 paulo
1563 512 1844 560 accuratius

262 594 415 643 verba
457 594 761 656 inspicienda
803 595 936 640 sunt.
980 593 1093 640 Huc
1126 592 1283 655 igitur
1315 593 1475 643 redire
1506 595 1732 644 videmus
1765 611 1844 644 ar-

262 679 718 742 gumentationem:
745 678 974 740 equidem
991 678 1130 726 vobis
1147 693 1306 725 unum
1325 679 1456 727 male
1473 694 1645 728 eorum
1663 681 1844 744 agendi

262 764 472 812 rationis
517 778 746 825 promam
792 763 1100 824 exemplum,
1148 764 1208 809 ut
1238 762 1472 811 universa
1505 779 1678 812 eorum
1713 765 1846 814 male

263 848 441 911 agendi
473 849 603 895 ratio
632 848 771 896 vobis
802 847 1101 895 documento
1120 847 1186 895 sit
1204 849 1510 908 ceterarum,
1529 864 1652 911 quas
1670 851 1845 898 contra

263 948 344 981 me
389 934 599 996 egerunt
642 947 826 979 rerum.
862 929 936 978 Ut
970 934 1141 979 autem
1177 932 1300 980 haec
1334 934 1705 995 argumentatio
1739 935 1846 983 sola

262 1034 323 1068 ex
371 1018 560 1066 tradita
610 1017 835 1065 codicum
885 1017 1100 1065 lectione
1150 1017 1273 1065 effici
1318 1020 1484 1079 potest
1498 1055 1510 1078 ,
1557 1019 1632 1067 ita
1665 1019 1845 1068 falsam

263 1119 375 1152 eam
408 1118 513 1151 esse
545 1117 693 1150 nemo
727 1117 827 1150 non
858 1102 1008 1150 videt.
1038 1101 1227 1164 Utique
1245 1117 1361 1165 ergo
1379 1104 1680 1153 removenda
1696 1107 1847 1154 erunt

262 1188 445 1236 ultima
492 1187 604 1234 illa:
641 1189 668 1244 ἡ
724 1189 912 1236 τούτων
958 1187 1208 1247 βιαιότης
1252 1189 1341 1234 καὶ
1385 1188 1700 1252 παρανομία.
1752 1189 1846 1238 His

263 1277 435 1321 autem
488 1271 663 1320 deletis
678 1309 690 1332 ,
742 1274 876 1320 recte
925 1287 976 1320 se
1027 1272 1180 1319 habet
1232 1272 1530 1320 vocabulum
1577 1277 1816 1338 τεκμήρια
1831 1311 1843 1330 ,

262 1358 396 1420 quod
444 1356 671 1404 Reiskius
715 1357 949 1404 mutabat
993 1357 1045 1403 in
1080 1361 1363 1420 τεκμήριον.
1409 1357 1479 1405 At
1510 1373 1588 1406 res
1621 1359 1844 1407 nondum

263 1442 497 1490 absoluta
535 1442 613 1488 est
627 1477 639 1499 ,
681 1456 799 1501 nam
844 1440 963 1502 quid
1010 1441 1104 1488 sibi
1137 1441 1297 1489 velint
1332 1443 1506 1490 verba:
1543 1449 1646 1492 τῶν
1680 1444 1844 1492 ἄλλων

262 1528 602 1592 πραγμάτων,
639 1525 876 1588 cuiusque
910 1526 1100 1588 generis
1135 1526 1410 1590 πράγματα
1445 1528 1758 1589 indicentur,
1793 1529 1845 1577 id

263 1614 550 1662 etiamnunc
578 1610 843 1658 obscurum
874 1612 1058 1658 manet.
1089 1610 1320 1659 Ceterum
1345 1612 1846 1662 animadvertendum

264 1701 365 1757 est,
401 1696 587 1745 codices
621 1695 879 1757 praebere:
911 1697 1000 1744 καὶ
1029 1701 1130 1744 τῶν
1157 1696 1231 1751 εἰς
1261 1697 1376 1757 ἐμέ,
1405 1712 1532 1759 quae
1561 1698 1844 1749 Maetznero

263 1797 411 1831 causa
454 1783 586 1840 erat,
636 1796 725 1828 cur
760 1780 995 1829 excidisse
1028 1783 1232 1843 putaret
1267 1782 1477 1844 aliquid,
1514 1784 1596 1831 ut:
1631 1789 1734 1832 τῶν
1769 1785 1846 1840 εἰς

262 1869 380 1923 τοὺς
427 1866 610 1921 ἄλλους
656 1865 880 1920 πολίτας.
934 1865 1029 1913 Sed
1074 1868 1134 1913 ut
1178 1866 1418 1925 aliorum,
1463 1881 1591 1928 quae
1635 1868 1689 1915 in
1722 1869 1844 1917 alios

261 1955 392 2003 cives
441 1951 773 2010 commiserit,
826 1951 1236 1998 commemoratio
1283 1951 1345 1998 ab
1390 1951 1483 2000 hoc
1528 1952 1635 2000 loco
1681 1952 1846 2002 aliena

261 2041 363 2098 est,
387 2039 460 2084 ita
487 2037 541 2083 in
570 2035 891 2098 sequentibus
921 2035 1046 2082 nihil
1072 2038 1173 2094 est,
1203 2036 1335 2097 quod
1363 2036 1633 2084 Maetzneri
1657 2037 1847 2086 coniec-

259 2127 429 2172 turam
472 2107 780 2183 probabilem
814 2119 1005 2167 reddat.
1052 2120 1229 2167 Melius
1265 2120 1388 2167 mihi
1423 2121 1501 2169 vir
1533 2121 1845 2170 doctissimus

260 2223 364 2258 voc.
402 2205 715 2270 πραγμάτων
751 2204 1151 2252 circumscribere
1185 2204 1385 2252 videtur
1416 2220 1525 2267 per:
1556 2221 1683 2267 quae
1712 2220 1844 2254 com-

261 2295 508 2343 miserunt
542 2291 621 2339 vel
654 2290 974 2351 deliquerunt
988 2326 999 2348 ,
1034 2304 1368 2351 quamquam,
1404 2305 1527 2337 num
1560 2291 1678 2338 talis
1705 2291 1844 2340 notio

261 2378 501 2429 vocabulo
530 2375 840 2439 πραγμάτων
867 2375 974 2422 iure
1002 2373 1215 2421 attribui
1244 2374 1428 2435 possit,
1457 2390 1610 2436 quam
1627 2376 1844 2425 maxime

262 2464 450 2512 dubito.
500 2460 604 2523 Ego
633 2460 800 2522 potius
829 2459 923 2507 hoc
953 2458 1099 2507 modo
1131 2459 1363 2505 lacunam
1393 2459 1629 2520 explerim
1657 2462 1841 2508 totam-

261 2563 357 2611 que
399 2547 473 2594 ita
507 2544 857 2593 constituerim
891 2543 1220 2602 sententiam,
1256 2547 1316 2590 ut
1349 2543 1538 2604 legam:
1576 2544 1778 2593 οὶλλ’ἴνα
1812 2542 1841 2607 ᾗ

260 2635 508 2693 τεκμήρια
568 2629 694 2689 ὑμῖν
759 2631 848 2676 καὶ
909 2634 1013 2676 τῶν
1073 2628 1235 2675 ἄλλων
1295 2631 1696 2691 παρανόμων
1752 2631 1843 2678 καὶ

263 2718 527 2781 (βιαίων)
567 2720 666 2762 τῶν
699 2714 773 2769 εἰς
807 2717 910 2775 ἐμέ.
958 2714 1064 2769 Qua
1097 2714 1383 2762 coniectura
1417 2728 1614 2773 omnes,
1647 2717 1708 2762 ut
1741 2716 1843 2778 opi-

261 2819 375 2860 nor,
412 2800 735 2849 removentur
769 2798 1086 2847 difficultates
1102 2813 1113 2856 ;
1150 2813 1269 2844 nam
1305 2811 1418 2844 cum
1447 2800 1582 2846 recte
1611 2814 1662 2847 se
1689 2799 1841 2848 habet

261 2886 534 2937 sententia:
575 2898 761 2940 „unum
797 2885 935 2932 vobis
964 2899 1024 2932 ex
1059 2898 1231 2932 eorum
1264 2882 1317 2928 in
1350 2897 1432 2929 me
1467 2883 1610 2931 factis
1639 2884 1839 2932 demon-

261 2973 455 3031 strabO,
506 2983 604 3031 quo
653 2970 819 3016 cetera
867 2969 1053 3016 discere
1103 2965 1349 3029 possitis'',
1402 2968 1514 3014 tum
1532 3006 1544 3027 ,
1590 2968 1837 3030 quomodo
