2014 3412
1042 301 1108 348 34

282 424 444 472 altera
487 424 756 487 tetralogia
789 425 1188 486 frequentissime
1221 428 1462 491 usurpata
1476 465 1488 488 ,
1521 443 1766 491 nusquam
1801 427 1862 476 de

284 508 374 555 teli
408 508 561 555 missu
583 508 782 557 videtur
809 508 944 556 dicta
968 524 1096 569 esse,
1127 526 1255 572 quae
1285 526 1363 560 res
1381 513 1547 574 potius
1565 513 1861 575 exprimitur

283 594 375 639 aut
418 593 566 641 verbo
610 592 850 653 ἀφιέναι,
898 593 1028 654 quod
1071 595 1223 643 semel
1267 596 1326 643 fit
1369 594 1434 656 (ὃ.
1471 598 1499 656 ἓ
1534 597 1601 658 5),
1634 599 1725 644 aut
1754 611 1858 645 sae-

274 677 386 739 pius
431 678 581 726 verbo
616 677 917 737 ἀκοντίζειν.
955 679 1167 740 βάλλειν
1202 695 1321 728 vero
1357 680 1416 729 de
1451 681 1558 729 ictu
1592 681 1858 729 missilium

274 762 372 810 dici
415 763 568 821 solet,
614 763 664 810 id
698 763 830 825 quod
864 778 954 811 nos
990 764 1190 825 quidem
1224 764 1277 811 in
1310 767 1484 813 nostra
1517 765 1691 828 lingua
1724 765 1859 814 haud

278 847 444 894 minus
489 846 639 895 verbo
689 846 899 904 „werfen
915 847 957 906 ‚'’
1009 849 1301 910 praesertim
1345 850 1398 896 in
1431 850 1625 911 passivo
1655 864 1834 912 genere
1848 885 1862 909 ,

277 930 576 979 reddimus.''
607 930 740 978 Dum
772 930 835 977 ad
869 931 1002 979 hunc
1036 947 1183 979 usum
1221 933 1575 980 stabiliendum
1591 933 1670 981 vir
1687 933 1861 981 doctus

274 1016 405 1063 locos
432 1015 672 1077 quosdam
700 1015 891 1074 adfert,
921 1015 1098 1063 incidit
1128 1016 1283 1063 etiam
1308 1017 1363 1063 in
1390 1017 1537 1064 huius
1566 1017 1862 1080 tetralogiae

275 1101 329 1162 β.
362 1102 390 1160 g
419 1100 471 1147 3:
503 1101 561 1148 τὸ
589 1102 683 1164 γάρ
710 1100 976 1164 μειράκιον
1005 1101 1106 1162 οὐχ
1134 1101 1279 1164 ὕβρει
1306 1100 1422 1149 οὐδὲ
1451 1101 1703 1166 ἀκολασίᾳ
1731 1100 1860 1150 ἀλλὰ

280 1186 494 1247 μελετῶν
537 1185 663 1247 μετά
706 1191 808 1233 τῶν
852 1185 1034 1244 ἡλίκων
1078 1185 1368 1245 ἀκοντίζειν
1404 1188 1459 1235 ἐν
1491 1193 1560 1250 τῷ
1595 1186 1863 1251 γυμνασίῳ

281 1271 436 1332 ἔβαλε
468 1276 582 1331 μέν,
619 1271 710 1318 οὐκ
745 1270 1002 1320 ἀπέκτεινε
1037 1270 1091 1319 δὲ
1128 1270 1314 1321 οὐδένα
1353 1274 1404 1320 et
1438 1287 1483 1334 q.
1511 1287 1547 1320 s.
1600 1271 1694 1327 Quj
1726 1271 1862 1319 locus

279 1356 330 1403 id
375 1358 548 1404 autem
593 1356 746 1404 habet
791 1356 997 1403 sublesti
1013 1393 1024 1415 ‚
1060 1357 1191 1418 quod
1227 1357 1475 1419 discrepat
1509 1357 1571 1404 ab
1607 1357 1698 1416 eis,
1732 1370 1862 1418 quae

281 1440 591 1489 adversarius
606 1476 619 1500 ,
652 1441 830 1502 utpote
866 1455 897 1487 a
929 1455 1013 1488 reo
1049 1441 1245 1502 prolata
1262 1478 1274 1500 ,
1307 1441 1491 1503 repetit
1506 1477 1518 1500 ,
1552 1441 1653 1489 scil.
1689 1459 1735 1506 γ.
1755 1443 1782 1501 ἓ
1803 1440 1860 1487 5:

282 1519 452 1583 οὗτος,
490 1526 610 1582 (ὃς)
643 1529 766 1588 μήτε
798 1524 981 1587 βαλεῖν
1013 1528 1135 1586 μήτε
1170 1524 1474 1573 ἀποκτεῖναί
1510 1543 1632 1586 φησι
1666 1526 1724 1573 τὸ
1755 1543 1862 1587 μει-

283 1612 480 1675 ράκιον,
524 1611 748 1671 itemque
792 1612 819 1670 ἓ
866 1608 919 1657 6;
964 1609 1158 1671 μᾶλλον
1203 1608 1258 1658 δὲ
1305 1610 1432 1658 ἑκὼν
1465 1613 1494 1669 ἢ
1531 1613 1643 1660 οὔτε
1677 1610 1864 1673 ἔβαλεν

281 1698 392 1745 οὔτε
436 1695 744 1743 ἀπέκτεινεν.
796 1694 874 1742 Ad
915 1695 1043 1743 hanc
1088 1695 1432 1743 difficultatem
1483 1695 1834 1744 removendam
1850 1731 1862 1755 ,

282 1781 511 1844 Ignatius
572 1780 876 1842 transposita
925 1780 1240 1842 hypostigme
1290 1779 1556 1842 legendum
1605 1780 1864 1843 proponit:

284 1867 435 1929 ἔβαλε
479 1864 578 1926 μὲν
619 1867 736 1920 οὐκ,
773 1864 1025 1913 ἀπέκτεινε
1059 1863 1115 1912 δὲ
1149 1863 1337 1913 οὐδένα
1357 1879 1512 1913 =nec
1544 1865 1632 1912 icit
1666 1878 1756 1912 nec
1786 1864 1862 1911 in-

282 1952 479 2002 terfecit
512 1966 831 2013 quemquam.
882 1950 957 1997 En
974 1987 986 2009 ,
1020 1965 1118 2012 quo
1151 1950 1315 1998 virum
1355 1950 1571 2014 doctum,
1590 1948 1864 2011 pertinacia

283 2037 466 2095 animi,
495 2036 648 2084 semel
675 2035 796 2083 dicti
821 2034 1036 2083 mordice
1053 2037 1231 2093 tenax,
1249 2034 1533 2092 abduxerit;
1553 2048 1670 2081 nam
1689 2047 1864 2096 graeca

284 2123 406 2170 haec
450 2136 555 2170 esse
569 2158 581 2180 ,
629 2135 736 2169 cras
771 2119 984 2168 credam.
1035 2119 1274 2167 Ettamen
1307 2119 1459 2166 simili
1491 2118 1686 2167 ratione
1719 2132 1866 2180 agere

286 2207 427 2256 video
474 2205 720 2254 Blassium
735 2241 748 2261 ‚
795 2204 881 2266 qui
926 2218 1015 2265 pro
1061 2203 1207 2251 certis
1251 2203 1444 2251 incerta
1487 2203 1766 2251 coniectans
1810 2201 1864 2248 in

282 2294 481 2341 textum
519 2289 728 2350 recepit:
768 2288 922 2350 ἔβαλε
961 2286 1060 2349 μὲν
1093 2285 1278 2335 ου’ὃένα
1313 2285 1418 2335 οὐδ’
1451 2285 1709 2335 ἀπέκτεινε
1743 2301 1790 2348 q.
1824 2301 1861 2334 s.

283 2377 536 2425 Lubenter
578 2374 779 2436 quidem
831 2388 920 2436 ego
972 2375 1024 2420 et
1066 2373 1254 2420 Blassio
1299 2374 1350 2420 et
1394 2371 1590 2434 Ignatio
1624 2370 1834 2419 concedo
1850 2406 1862 2429 ,

284 2461 492 2511 verbum
541 2459 753 2521 βάλλειν
801 2458 991 2520 optimo
1042 2458 1150 2505 iure
1200 2456 1422 2504 adhiberi
1470 2456 1674 2504 notione
1717 2455 1863 2501 icendi

285 2545 367 2607 (cf.
414 2547 441 2605 ἓ
487 2545 540 2592 5:
589 2546 714 2593 ὥστε
759 2543 849 2590 τὸν
894 2542 992 2602 μὲν
1031 2542 1333 2604 βαλόντα
1368 2542 1460 2589 καὶ.
1490 2539 1860 2589 ἀποκτείναντα

285 2632 399 2679 οὔτε
452 2634 697 2693 τρῶσαι
748 2629 859 2677 οὔτε
905 2627 1211 2675 ἀποκτεῖναί
1252 2629 1409 2687 φησι),
1461 2626 1502 2673 si
1547 2626 1692 2674 modo
1740 2625 1865 2673 mihi

286 2714 601 2773 concedatur,
634 2713 830 2759 iaciendi
858 2712 1115 2760 notionem
1143 2712 1276 2759 recte
1303 2725 1355 2758 se
1383 2710 1564 2758 habere
1594 2710 1648 2771 β.
1682 2711 1710 2769 5
1738 2709 1781 2756 3.
1800 2737 1864 2743 —

286 2799 410 2847 Cum
454 2800 624 2862 igitur,
666 2797 796 2859 quod
833 2796 896 2843 ad
929 2796 1058 2843 hanc
1090 2810 1195 2843 rem
1212 2831 1224 2854 ,
1258 2794 1524 2856 quominus
1555 2794 1673 2842 viris
1707 2793 1865 2841 doctis

287 2883 525 2942 officiam,
569 2882 737 2929 nullus
781 2881 876 2928 sim
892 2916 904 2939 ,
948 2880 1000 2927 in
1047 2894 1104 2927 eo
1150 2881 1323 2927 contra
1361 2894 1513 2940 quam
1549 2878 1763 2926 maxime
1797 2876 1865 2925 of-

285 2967 458 3027 fendo,
493 2966 626 3028 quod
660 2965 746 3013 isti
775 2964 869 3013 viri
898 2965 954 3026 β.
987 2965 1015 3023 ἓ
1045 2963 1088 3010 3.
1118 2963 1454 3011 condemnant
1478 2963 1541 3010 ob
1559 2962 1865 3023 assignatam
