2014 3412
1055 302 1114 350 36

293 426 528 476 concedo:
575 442 676 477 non
709 427 881 477 volens
915 442 1030 476 eum
1065 428 1170 487 icit,
1206 429 1435 477 attamen
1463 430 1515 477 et
1541 430 1622 477 icit
1649 431 1702 479 et
1733 430 1874 478 inter-
1948 441 1951 443 ’

293 511 424 571 fecit.
476 512 622 572 Ecce,
672 512 927 575 praeclara
975 513 1250 572 sententia,
1301 513 1377 560 cui
1430 513 1550 575 quid
1599 513 1725 562 desit
1771 529 1872 563 non

294 611 541 659 assequor.

349 683 376 741 ἓ
407 681 450 728 9.
487 682 700 742 φάσκων
748 680 803 729 δὲ
851 681 1209 746 ἀναμάρτητος
1252 681 1413 741 εἶναι,
1454 684 1545 731 καὶ
1578 683 1741 740 ἀξιῶν
1774 683 1871 739 τοὶς

284 766 549 830 συμφοράς
583 773 686 815 τῶν
719 766 1057 830 ἁμαρτόντων
1090 765 1225 815 εἶναι
1261 768 1353 815 καὶ
1385 770 1456 827 μὴ
1492 768 1567 823 εἰς
1594 769 1708 824 τους
1739 767 1864 817 dva-

281 857 568 916 μαρτήτους
605 854 965 917 ἐκτρέπεσθαι,
1001 852 1126 917 ὑπὲρ
1160 856 1301 915 ἡμῶν
1335 854 1478 918 λε’γει.
1516 854 1632 903 Non
1663 870 1752 917 pro
1783 869 1874 902 sua

283 938 464 1000 ipsim,
502 939 586 987 sed
632 939 798 1000 potius
842 954 930 1000 pro
976 940 1148 987 nostra
1180 952 1330 986 causa
1364 939 1517 987 verba
1550 939 1694 998 facit,
1731 954 1874 1002 argu-

284 1024 540 1082 mentanS,
588 1038 692 1071 sese
731 1023 836 1071 sine
883 1023 1030 1085 culpa
1073 1038 1177 1071 esse
1212 1025 1264 1070 et
1298 1023 1584 1085 postulanS,
1619 1025 1680 1071 ut
1712 1023 1872 1072 clades

284 1122 456 1155 eorum
491 1108 582 1168 sit,
620 1108 707 1170 qui
741 1108 1080 1170 peccaverint,
1117 1123 1179 1156 ne
1209 1109 1381 1156 autem
1410 1108 1470 1155 iis
1489 1108 1768 1168 tribuatur,
1786 1107 1873 1170 qui

284 1192 410 1239 nihil
455 1193 809 1241 commiserint.
856 1193 990 1240 Haec
1027 1193 1203 1250 verba,
1238 1206 1352 1240 cum
1387 1193 1488 1240 iam
1528 1207 1616 1254 per
1650 1207 1701 1240 se
1735 1206 1870 1254 spec-

287 1278 399 1324 tata
443 1293 543 1326 non
588 1278 726 1326 omni
769 1279 973 1325 careant
1017 1277 1309 1336 offensione,
1356 1277 1509 1325 etiam
1543 1276 1594 1323 id
1629 1277 1872 1339 praebent

287 1363 512 1422 molesti,
543 1363 675 1425 quod
703 1363 755 1410 in
786 1363 1104 1424 sequentibus
1134 1377 1233 1410 non
1263 1376 1321 1409 ea
1344 1362 1514 1409 omnia
1531 1362 1868 1424 explicantur,

286 1447 418 1508 quod
459 1448 631 1495 tamen
677 1444 880 1509 propter
913 1446 1214 1508 particulam
1249 1447 1346 1510 γάρ
1382 1449 1747 1509 exspectamUS,
1787 1446 1871 1495 sed

284 1533 488 1579 tantum
523 1532 740 1579 alterum
769 1531 916 1578 illud:
953 1532 1044 1578 καὶ
1077 1530 1241 1587 ἀξιῶν
1270 1534 1388 1580 cett.
1415 1531 1527 1579 Huc
1556 1531 1711 1580 etiam
1735 1545 1869 1579 acce-

285 1616 385 1675 dit,
418 1616 550 1678 quod
580 1632 757 1679 parum
793 1616 1130 1678 intellegitur,
1160 1616 1407 1678 quomodo
1434 1620 1547 1664 reus
1576 1630 1666 1678 pro
1695 1615 1868 1664 adver-

284 1702 412 1750 sario
455 1702 608 1750 verba
651 1701 813 1749 facere
848 1701 1067 1757 dicatur,
1106 1716 1221 1749 cum
1257 1717 1308 1749 se
1343 1701 1468 1748 nihil
1499 1715 1724 1762 peccasse
1757 1715 1866 1762 per-

284 1786 468 1834 hibeat.
518 1786 856 1846 Sententiam,
901 1802 1054 1847 quam
1101 1786 1192 1833 sub
1237 1786 1427 1833 tradita
1460 1785 1674 1834 lectione
1706 1785 1868 1834 latere

285 1873 658 1932 exspectamus,
703 1871 831 1918 scil.:
881 1872 932 1919 εἰ
966 1869 1021 1918 δὲ
1057 1871 1270 1930 φάσκων
1305 1871 1665 1935 ἀναμάρτητος
1702 1869 1866 1930 εἶναι,

284 1954 430 2011 άξιοῑ
455 1957 590 2014 cett„
625 1956 730 2003 sine
754 1956 955 2017 negotio
985 1956 1328 2004 nanciscemur
1358 1957 1525 2004 deleta
1554 1958 1675 2003 ante
1705 1955 1870 2012 ἀξιῶν

283 2042 409 2102 part.
465 2043 576 2100 καί,
621 2040 696 2087 ita
741 2042 801 2087 ut
845 2040 1011 2102 ipsum
1058 2041 1149 2089 hoc
1194 2041 1518 2103 Participium
1566 2041 1727 2097 οέξιῶν
1759 2041 1869 2090 vice

285 2126 525 2188 fungatur
573 2126 677 2174 eius
722 2125 911 2187 periodi
958 2126 1145 2187 partis,
1197 2127 1276 2173 cui
1323 2126 1642 2188 grammatici
1685 2140 1867 2174 nomen

284 2211 496 2273 protasis
531 2209 832 2257 indiderunt.

352 2299 378 2357 ξ
414 2296 485 2343 11.
523 2296 577 2344 ἐκ
612 2294 666 2342 δὲ
700 2303 788 2353 τῆς
819 2295 985 2342 αὐτῶν
1019 2299 1122 2343 τῶν
1151 2294 1572 2358 ἀπολογουμένων
1590 2294 1868 2355 ἀπολογίας

282 2383 510 2444 μετόχου
539 2388 626 2430 τοῦ
653 2384 921 2444 μειρακίου
952 2386 1040 2428 τοῦ
1070 2383 1232 2440 φόνου
1263 2381 1434 2437 ὄντος,
1459 2382 1550 2429 οὐκ
1567 2381 1635 2429 ἂν
1652 2379 1869 2436 δικαίως

283 2466 402 2517 οὐδὲ
455 2469 608 2523 ὁσίως
659 2467 920 2515 άπολύοιτε
964 2467 1137 2515 αὐτόν.
1187 2468 1298 2515 οὔτε
1343 2467 1442 2531 γάρ
1485 2470 1653 2528 ἡμεῖς,
1694 2473 1750 2514 οἱ
1780 2465 1869 2515 διὰ

284 2556 375 2612 τὴν
417 2555 610 2602 τούτων
648 2552 910 2614 ἁμαρτίαν
945 2555 1395 2615 καταγνωσθέντες
1428 2553 1550 2600 ὅσια
1586 2550 1864 2600 ἀλλ’άνόσι’

284 2640 351 2688 ἂν
390 2640 643 2700 πάθοιμεν
676 2637 924 2699 ὑφ’ὑμῶν·
961 2637 1072 2686 οὔθ’
1110 2643 1166 2686 οἱ
1197 2639 1596 2692 θανατώσαντες
1629 2640 1764 2697 ἡμᾶς
1797 2638 1867 2698 μὴ

284 2725 567 2790 εἰργόμενοι
607 2730 707 2772 τῶν
748 2724 808 2771 ου’
849 2725 1202 2787 προςηκόντων
1231 2721 1509 2782 εὐσεβοῐντ’
1545 2722 1612 2770 ἂν
1640 2723 1738 2771 ὑπὸ
1765 2729 1868 2770 τῶν

284 2810 644 2859 άπολυσάντων
674 2809 792 2864 τους
821 2808 1078 2863 ἀνοσίους.
1112 2808 1351 2855 Venimus
1381 2807 1443 2853 ad
1474 2807 1636 2855 locum
1654 2843 1666 2866 ,
1685 2821 1867 2870 magna

282 2896 598 2943 laborantem
632 2893 954 2952 difficultate,
989 2908 1143 2955 quam
1178 2891 1322 2940 valde
1355 2891 1536 2950 miror,
1571 2891 1634 2938 ab
1666 2891 1750 2950 iis,
1779 2891 1867 2952 qui

282 2979 607 3042 Antiphontis
670 2978 918 3027 orationes
979 2976 1314 3025 emendandas
1365 2975 1686 3037 susceperunt
1700 3010 1712 3033 ‚
1765 2988 1867 3022 non
