2014 3412
986 306 1049 355 83

209 436 324 493 tur,
356 434 419 480 ut
454 432 658 496 collegis
693 447 753 480 ex
789 433 827 481 I.
865 431 956 493 56.
989 432 1113 492 525.
1146 432 1204 480 V.
1225 433 1253 492 ἓ
1276 432 1348 480 13.
1381 431 1506 493 ἓ14.
1537 431 1805 493 §16.§40.

212 517 337 580 547.
373 518 498 578 548.
534 518 661 578 552.
696 518 820 578 353.
858 517 980 578 555.
1019 517 1230 580 aliisque
1263 517 1384 566 locis
1424 518 1678 566 sescentis.
1714 517 1815 579 Ap-

211 605 358 666 paret
403 603 561 666 igitur
609 603 861 665 particula
905 603 1077 651 καίτοι
1113 603 1345 651 insistere
1381 603 1688 661 orationem,
1723 602 1818 650 hoc

212 690 388 736 autem
436 687 544 736 loco
591 688 862 737 desiderari
902 688 1208 752 particulam
1222 724 1234 747 ,
1280 703 1380 750 qua
1414 690 1592 751 pergat
1627 688 1816 746 oratic,

212 772 290 821 ita
323 774 384 822 ut
419 788 508 836 pro
543 774 717 822 καίτοι
757 774 925 837 potius
959 773 1229 836 legendum
1264 773 1354 821 sit:
1394 773 1487 821 καὶ
1522 773 1600 820 ἔτι
1627 773 1709 822 vel
1741 773 1819 820 ἔτι

214 856 271 907 δὲ
306 860 412 907 καί.

281 943 408 1006 ἓ44.
444 944 551 994 Καὶ
585 943 813 993 ἀπέθανε
845 942 945 1006 μὲν
977 945 1006 994 ὁ
1041 943 1169 1009 ἀνὴρ
1204 944 1388 994 οὑτωσὶ
1425 944 1573 1008 ἐγγὺς
1602 951 1693 1005 τῆς
1726 948 1820 992 θα-

212 1029 407 1089 λάσσης
441 1031 532 1079 καὶ
566 1035 669 1080 τῶν
701 1031 918 1086 πλοίων,
956 1031 1026 1087 ὡς
1056 1031 1084 1079 ὁ
1115 1033 1307 1080 τούτων
1336 1031 1486 1095 λόγος
1516 1031 1661 1079 ἐστίν
1682 1047 1692 1058 ·
1725 1031 1821 1079 ὑπὸ

215 1116 272 1167 δὲ
320 1118 438 1174 ἑνὸς
484 1116 675 1182 ἀνδρὸς
722 1118 1069 1181 ἀποθνῄσκων
1103 1119 1214 1167 οὔτε
1250 1117 1534 1181 ἀνέκραγεν
1568 1115 1672 1165 οὔτ’
1711 1120 1822 1164 αἴσ-

217 1209 375 1264 θησιν
419 1202 668 1267 οὐδεμίαν
714 1205 945 1263 ἐποίησεν
992 1204 1108 1253 οὔτε
1142 1211 1256 1258 τοῖς
1291 1204 1349 1251 ἐν
1384 1210 1441 1264 τῇ
1477 1210 1536 1268 γῇ
1572 1204 1684 1252 οὔτε
1712 1211 1823 1258 τοῖς

217 1292 274 1340 ἐν
305 1295 376 1354 τῷ
408 1290 589 1355 πλοίῳ.,·
625 1292 716 1339 καὶ
750 1293 853 1354 μὴν
886 1290 1049 1351 πολλῷ
1086 1291 1235 1342 (ἐπὶ)
1261 1289 1414 1338 πλέον
1443 1296 1680 1354 γεγωνεῖν
1712 1289 1823 1336 ἔστι

217 1379 414 1441 νύκτωρ
459 1380 488 1437 ἢ
532 1377 653 1440 μεθ’
701 1380 920 1441 ἡμέραν,
970 1376 1040 1424 ἐπ’
1090 1376 1249 1435 ἀκτῆς
1284 1379 1312 1435 ἢ
1348 1376 1481 1423 κατα
1517 1376 1688 1424 πόλιν·
1729 1375 1821 1423 καὶ

216 1465 320 1527 μὴν
357 1464 433 1512 ἔτι
471 1465 819 1530 ἐγρηγορότων
855 1465 1025 1523 φασὶν
1063 1463 1285 1524 ἐκβῆναι
1324 1463 1414 1510 τὸν
1449 1461 1616 1526 ἄνδρα
1654 1463 1709 1510 ἐκ
1732 1468 1819 1510 τοῦ

219 1550 407 1599 πλοίου.
452 1551 673 1598 Blassius
721 1552 772 1599 et
816 1550 849 1598 J
851 1550 1159 1598 ernstedtius
1192 1550 1245 1597 in
1279 1549 1608 1598 adnotatione
1643 1549 1818 1598 critica

221 1637 492 1686 observant
535 1635 795 1684 Reiskium
841 1635 1018 1684 verba:
1068 1636 1124 1684 ἐν
1167 1639 1236 1698 τῷ
1275 1635 1432 1699 πλοίῳ
1477 1635 1688 1683 vertisse
1741 1635 1820 1692 „in

221 1723 495 1780 navibus'’;
549 1722 630 1770 cui
680 1721 1092 1784 interpretationi
1142 1736 1296 1783 quam
1347 1720 1639 1768 attribuant
1689 1720 1792 1769 vim
1810 1758 1822 1777 ,

220 1809 359 1872 ipsa,
406 1823 509 1871 qua
542 1807 803 1857 Reiskium
834 1807 909 1854 ita
937 1807 1109 1855 fecisse
1138 1822 1228 1855 nos
1257 1807 1436 1855 docent
1451 1844 1462 1862 ‚
1498 1807 1826 1855 adnotatione

219 1894 460 1942 indicant.
510 1894 592 1942 Ita
636 1893 794 1956 igitur
838 1908 928 1941 nos
962 1892 1059 1941 viri
1092 1892 1168 1940 illi
1202 1892 1336 1940 docti
1370 1892 1618 1950 excitant,
1655 1894 1715 1940 ut
1747 1892 1823 1939 in-

221 1979 490 2040 dagemuS,
541 1981 717 2027 utrum
765 1978 955 2027 codices
1008 1978 1148 2040 sequi
1199 1977 1493 2037 debeamus,
1545 1993 1637 2035 an,
1687 1977 1822 2040 quod

221 2065 453 2114 Reiskius
498 2065 593 2114 sibi
638 2065 852 2113 voluisse
898 2064 1124 2123 videtur,
1172 2063 1442 2126 legendum
1490 2063 1578 2111 sit:
1619 2064 1676 2112 ἐν
1710 2071 1822 2119 τοῖς

218 2151 431 2207 πλοίοις.
481 2150 591 2199 Hoc
638 2151 858 2198 alterum
903 2152 963 2198 ut
999 2149 1272 2209 faciamus,
1318 2149 1531 2198 fortasse
1577 2149 1823 2198 adducere

219 2251 312 2285 nos
346 2236 504 2299 possit
536 2236 641 2298 ipse
676 2237 871 2295 orator,
906 2235 993 2297 qui
1029 2235 1250 2283 ostendit
1280 2234 1590 2283 adversarios
1622 2238 1826 2284 conten-

223 2322 379 2372 disse:
425 2322 518 2371 τὸν
563 2320 731 2386 ἄνδρα
776 2321 1068 2370 ἀποθανεῖν
1120 2320 1272 2386 ἐγγὺς
1307 2328 1395 2380 τῆς
1431 2321 1700 2379 θαλάσσης
1735 2321 1829 2370 καὶ

221 2414 325 2460 τῶν
371 2408 574 2458 πλοίων.
623 2408 694 2456 At
741 2408 1005 2471 sequentia
1051 2422 1142 2455 nos
1191 2408 1400 2456 meliora
1447 2407 1680 2466 edocent;
1719 2423 1830 2470 per-

223 2495 402 2544 hibent
448 2495 585 2544 enim
633 2496 944 2542 accusatores
963 2531 974 2549 ‚
1020 2493 1272 2541 Herodem
1324 2508 1351 2540 e
1396 2493 1539 2550 navi,
1588 2493 1641 2540 in
1676 2509 1829 2555 quam

221 2579 674 2635 transcendissent,
712 2580 896 2628 exisse:
934 2579 1280 2643 ἐγρηγορότων
1315 2579 1407 2626 ἔτι.
1451 2579 1543 2637 At,
1579 2578 1699 2640 quid
1735 2579 1831 2626 sibi

223 2666 338 2715 vult
383 2665 467 2714 hic
514 2666 808 2729 genetivus2
856 2664 1204 2713 Vertendusne
1240 2680 1354 2713 cum
1391 2665 1678 2712 Maetznero
1712 2679 1828 2726 per:

229 2751 333 2809 „als
382 2766 503 2798 man
547 2751 676 2799 noch
724 2751 866 2799 wach
899 2750 1053 2806 war'',
1088 2750 1164 2798 ita
1199 2752 1258 2798 ut
1292 2750 1345 2797 in
1380 2750 1675 2798 universum
1712 2751 1828 2796 tan-

225 2838 340 2884 tum
394 2838 597 2898 tempus
645 2836 901 2894 indicans,
948 2835 1143 2884 valeat:
1193 2851 1308 2884 cum
1355 2850 1456 2883 nox
1499 2834 1724 2882 nondum
1771 2849 1829 2882 eo

226 2913 570 2984 processisset,
615 2923 676 2970 ut
719 2921 946 2970 homines
982 2921 1211 2968 cubitum
1246 2921 1410 2981 irent,
1447 2936 1512 2968 an
1548 2921 1717 2982 potius
1751 2934 1829 2968 co-

225 3007 491 3070 gitandum
527 3010 604 3056 est
637 3007 699 3056 de
737 3006 1051 3067 hominibus,
1088 3007 1176 3069 qui
1210 3007 1264 3055 in
1296 3023 1399 3056 una
1426 3008 1514 3054 illa
1534 3008 1681 3055 erant
1696 3006 1834 3065 navi,
