2014 3412
1003 263 1065 314 87

237 391 424 452 ποτέρῳ
457 390 559 452 χρὴ
593 395 885 448 πιστεῦσαι;
922 390 1158 439 lacunam
1187 391 1509 439 statuendam
1544 407 1675 452 esse,
1700 409 1835 451 nam,

235 475 291 524 ni
328 474 404 522 ita
449 473 716 534 faciamUS,
753 475 1056 538 particulam
1092 476 1191 541 γάρ
1227 479 1347 525 ante
1380 484 1578 542 πρῶτον
1611 493 1712 526 non
1749 480 1836 527 ha-

237 560 461 609 bituram
507 575 639 620 esse,
689 576 788 623 quo
835 561 1010 610 referri
1044 563 1214 624 possit.
1253 563 1511 619 Quomodo
1546 563 1725 612 deinde
1761 566 1838 614 vir

235 644 556 694 doctissimus
601 645 826 705 hiatum,
873 661 1023 709 quem
1060 647 1154 694 sibi
1189 662 1457 710 agnoscere
1493 648 1718 709 videtur,
1756 665 1836 698 ex-

235 730 477 793 pleverit,
511 729 563 776 id
597 745 878 779 memorare
910 731 1232 793 supersedeo,
1268 746 1384 780 cum
1412 733 1608 780 nullam
1632 736 1837 784 omnino

236 829 437 864 causam
485 815 656 863 adesse
691 830 946 875 censeam,
982 831 1071 864 cur
1105 816 1455 879 suppleamuS‚
1490 818 1623 866 unde
1657 820 1838 867 vocula

236 901 336 967 γάρ
383 900 771 963 explicationem
819 916 964 948 suam
1008 902 1237 964 accipiat.
1274 901 1486 949 Videtur
1520 903 1655 950 enim
1689 903 1836 951 Bohl-

235 1001 483 1035 mannum
530 986 786 1049 effugisse,
833 987 1139 1035 sententiam
1173 987 1625 1050 interrogativam:
1662 991 1838 1038 καίτοι

238 1076 426 1137 ποτέρῳ
471 1074 572 1136 χρὴ
618 1079 912 1130 πιστεῦσαι;
960 1087 1061 1120 non
1097 1087 1294 1132 veram,
1333 1073 1414 1120 cui
1448 1074 1837 1136 respondeatur,

234 1159 320 1208 sed
354 1158 525 1206 fictam
559 1159 765 1206 tantum
801 1173 906 1206 esse
940 1158 1418 1221 interrogationem,
1454 1159 1628 1221 quales
1663 1175 1693 1206 a
1727 1161 1837 1209 rhe-

195 1256 200 1259 ·
233 1244 432 1294 toribus
479 1242 830 1290 adhibeantur.
875 1243 997 1291 Post
1045 1243 1173 1291 tales
1207 1245 1380 1291 autem
1417 1243 1838 1308 interrogationes

232 1329 506 1378 rhetoricas
552 1328 857 1390 particulam
900 1329 997 1393 γάρ
1032 1329 1096 1376 ad
1130 1329 1525 1376 confirmandum
1542 1367 1554 1389 ,
1591 1331 1725 1393 quod
1759 1334 1836 1380 ta-

174 1416 177 1418 ’
237 1415 337 1464 cite
365 1415 574 1462 tantum
605 1413 992 1476 respondeatur,
1024 1431 1113 1462 suo
1134 1414 1306 1462 adesse
1323 1415 1431 1463 loco
1448 1452 1459 1474 ,
1478 1415 1561 1464 vix
1581 1419 1686 1475 est,
1703 1417 1836 1479 quod

242 1499 472 1562 pluribus
508 1499 728 1548 doceam.
759 1499 820 1547 cf.
851 1514 891 1548 e.
922 1515 967 1562 g.
999 1501 1026 1560 ἓ
1047 1500 1106 1550 57
1125 1516 1135 1550 ;
1154 1501 1301 1555 τίνος
1320 1519 1373 1565 γε
1392 1499 1453 1559 δὴ
1470 1505 1618 1549 ἕνεκα
1637 1504 1728 1550 τὸν
1747 1502 1834 1550 ἄν·

238 1584 339 1650 δρα
370 1586 668 1644 ἀπέκτεινα;
702 1583 819 1634 οὐδὲ
849 1585 947 1650 γαρ
965 1585 1141 1649 ἔχθρα
1158 1585 1374 1646 οὐδεμία
1394 1583 1454 1646 ἢν
1474 1588 1590 1649 ἐμοὶ
1607 1588 1834 1653 κάκείνῳ.

304 1671 503 1720 Ibidem:
535 1671 698 1730 ἐπειδὴ
724 1670 778 1720 δὲ
810 1673 838 1720 ὁ
867 1673 1138 1736 ἄνθρωπος
1168 1674 1195 1720 ὁ
1223 1675 1462 1737 πρότερος
1479 1675 1838 1736 βασανισθεὶς

237 1757 390 1808 οὐδὲν
424 1759 558 1824 ἔλεγε
592 1758 706 1808 κατ’
743 1761 893 1820 ἐμοῦ,
930 1763 1044 1808 τότε
1079 1759 1439 1821 είςβάλλουσιν
1474 1761 1549 1816 εἰς
1578 1763 1635 1809 τὸ
1664 1762 1840 1810 πλοῖον

237 1845 298 1893 τὸ
323 1844 767 1910 γραμματείδιον,
803 1848 893 1893 ἵνα
930 1847 1086 1909 ταύτῃ
1120 1843 1344 1910 γ’ἔχοιεν
1384 1847 1500 1907 ἐμοὶ
1536 1850 1624 1906 τὴν
1660 1847 1840 1896 αἰτίαν

239 1930 512 1993 ἐπιφέρειν·
556 1930 721 1990 ἐπειδὴ
766 1930 821 1979 δὲ
868 1930 1170 1996 ἀνεγνώσθη
1203 1933 1261 1979 τὸ
1295 1932 1708 1996 γραμματείδιον
1744 1935 1837 1983 καὶ

239 2017 268 2066 ὁ
301 2019 512 2081 ὕστερος
546 2018 977 2079 βασανιζόμενος
1010 2019 1071 2065 ου’
1105 2021 1398 2082 συνεφέρετο
1426 2027 1493 2083 τῷ
1523 2039 1839 2084 γραμματει-

238 2102 362 2168 δίῳ,
407 2105 577 2153 ου’κέτι
622 2103 736 2153 οἶόν
786 2101 890 2165 τ’ἦν
933 2103 1201 2165 οὲφανίσαι
1234 2104 1300 2152 τα
1333 2104 1757 2170 ἀναγνωσθέντα.
1795 2109 1847 2156 εἰ

237 2189 337 2254 γοὶρ
380 2192 638 2255 ἡγήσαντο
671 2192 762 2240 τὸν
795 2189 962 2254 ἄνδρα
997 2190 1185 2238 πείσειν
1216 2190 1320 2239 ἀπὸ
1354 2196 1552 2255 πρώτης
1586 2196 1835 2254 καταψεύ·

238 2275 438 2326 ὃεσθαί
459 2297 583 2340 μου,
622 2280 714 2327 οὐκ
749 2278 815 2328 ἄν
844 2277 951 2328 ποτ’
979 2279 1376 2341 ἐμηχανήσαντο
1402 2279 1466 2326 τά
1495 2280 1550 2328 ἐν
1578 2285 1647 2344 τῷ
1678 2299 1838 2345 γραμ-

237 2363 500 2429 ματειδίῳ.
545 2365 769 2422 Quantas
817 2365 943 2412 mihi
990 2364 1234 2413 adtulerit
1270 2365 1630 2414 sollicitudines
1666 2381 1838 2415 servus

237 2449 323 2499 ille
355 2452 551 2510 tortUS,
586 2451 709 2499 satis
745 2451 914 2513 colligi
947 2453 1116 2513 potest
1151 2465 1211 2498 ex
1245 2450 1332 2510 iis,
1367 2466 1497 2512 quae
1529 2451 1593 2498 ad
1627 2452 1735 2512 §53
1753 2452 1838 2499 ad-

237 2536 428 2585 notavi.
460 2535 530 2585 At
558 2551 670 2585 ecce
685 2573 696 2596 ‚
714 2551 872 2585 novas
889 2536 1068 2584 turbas
1085 2537 1258 2584 movet
1275 2536 1468 2584 servilis
1485 2537 1574 2584 illa
1592 2538 1836 2600 quaestio.

238 2619 372 2669 Nam
417 2621 538 2670 licet
573 2623 601 2670 ὁ
635 2622 1000 2684 βασανισθείς
1034 2624 1087 2670 et
1121 2622 1149 2670 ὁ
1183 2621 1459 2685 ἄνθρωπος
1492 2623 1546 2670 in
1580 2625 1609 2684 ἓ
1642 2623 1704 2671 54
1740 2624 1838 2672 duo

237 2707 444 2755 tantum
488 2723 594 2757 esse
626 2709 834 2757 nomina
869 2708 933 2755 ad
966 2707 1291 2756 indicandum
1327 2724 1487 2756 unum
1521 2724 1721 2758 servum
1757 2726 1839 2772 ap-

239 2794 418 2855 pareat
462 2808 523 2842 ex
566 2794 732 2843 verbis
768 2793 1118 2856 sequentibus:
1158 2794 1185 2843 ὁ
1218 2793 1319 2855 μὲν
1353 2794 1451 2860 γαρ
1486 2795 1838 2856 βασανιζόμε-

238 2894 332 2934 νος
365 2894 411 2941 q.
449 2893 512 2939 S.,
546 2880 599 2928 et
633 2879 694 2928 de
727 2879 878 2927 unius
913 2881 1120 2927 tantum
1156 2880 1287 2929 servi
1320 2882 1522 2929 tortura
1555 2895 1838 2929 sermonem

240 2978 346 3012 esse
382 2964 598 3013 doceant
631 2965 784 3015 verba
820 2964 950 3026 556:
988 2964 1040 3014 εἰ
1066 2965 1166 3031 γαρ
1197 2968 1452 3031 ἡγήσαντο
1486 2968 1595 3016 τὸν
1625 2965 1836 3032 ἄνδρα
