2014 3412
964 280 1018 327 91

261 405 387 454 Cum
425 406 548 455 haec
582 406 862 465 conscribo,
900 406 1250 455 animadverto
1278 405 1651 454 Bohlmannum
1684 422 1795 469 pag.

199 490 259 541 26
304 507 406 554 seq.
454 507 544 555 pro
579 492 698 552 hac,
732 493 783 540 in
821 507 975 555 quam
1011 494 1064 540 et
1097 492 1262 554 ipsum
1297 491 1527 539 incidisse
1561 494 1797 554 apparet,

196 577 486 627 coniectura
550 592 852 640 proponere:
931 578 1428 640 ἐπιβουλευομένων,
1487 592 1642 638 quam
1699 576 1796 625 for-

196 678 334 712 mam
349 700 361 723 ,
406 665 467 711 ut
509 665 721 711 tueatur
736 700 748 723 ,
795 664 1034 723 adnotat,
1082 663 1349 726 participia
1392 662 1561 711 neutri
1604 662 1798 725 generis

196 748 486 811 saepissime
520 749 785 797 nominum
820 749 1026 798 induere
1060 750 1315 807 naturam,
1350 748 1425 795 ita
1461 749 1522 795 ut
1556 748 1798 810 temporis

194 834 338 882 nulla
371 834 617 884 habeatur
649 835 796 882 ratio.
842 834 909 883 Et
942 836 1078 883 recte
1107 848 1228 881 sane
1255 833 1349 882 hoc
1375 833 1498 881 dicit
1512 870 1523 892 ‚
1542 833 1623 881 cui
1641 833 1797 881 etiam

195 921 378 970 addere
411 921 581 984 potuit
595 957 607 980 ,
643 920 911 983 participia
946 920 1036 968 tali
1074 919 1220 968 modo
1256 918 1520 981 praecipue
1551 919 1619 976 *ab
1653 918 1797 966 Anti-

194 1006 386 1070 phonte
436 1007 489 1055 et
540 1006 826 1069 Thucydide
878 1007 1121 1068 usurpata
1174 1004 1420 1061 inveniri;
1475 1004 1560 1052 sed
1609 1004 1797 1051 talibus

194 1092 318 1141 locis
360 1107 474 1140 cum
520 1091 795 1153 Participio
842 1105 1038 1153 semper
1082 1090 1379 1138 coniunctus
1414 1091 1491 1137 est
1525 1089 1770 1136 articulus
1787 1126 1798 1148 ,

195 1179 249 1227 et
292 1177 608 1226 Bohlmanno
654 1177 813 1239 igitur
855 1175 1174 1224 scribendum
1221 1176 1377 1223 esset:
1417 1176 1473 1223 ἐκ
1507 1175 1700 1223 πολλῶν
1734 1203 1798 1208 ——

194 1267 301 1312 τῶν
347 1262 833 1324 ἐπιβουλευομένων.
882 1261 1195 1324 Quapropter
1228 1260 1425 1308 ratione
1459 1261 1635 1309 habita
1668 1263 1796 1309 tem-

194 1349 329 1412 poris
343 1386 356 1409 ,
403 1349 537 1412 quod
572 1349 837 1412 flagitatur
852 1385 863 1406 ,
897 1347 1186 1410 praeteriti,
1222 1349 1447 1395 statuere
1482 1346 1616 1394 malo
1632 1383 1643 1405 ,
1679 1350 1799 1394 ante

195 1434 445 1498 syllabam
480 1435 524 1497 β
539 1434 570 1485 8
617 1433 978 1496 haplographia
1012 1433 1251 1481 excidisse
1285 1433 1364 1494 βε.
1402 1433 1484 1480 Ita
1520 1432 1561 1479 si
1592 1431 1797 1480 rescrib-

193 1520 328 1568 imus
344 1557 355 1579 ‚
390 1520 562 1568 omnia
596 1535 648 1568 se
674 1520 774 1567 iam
795 1523 931 1567 recte
949 1518 1370 1578 habebunt‚nam
1390 1532 1526 1566 nunc
1542 1518 1721 1566 verba:
1743 1518 1799 1565 ἐκ

195 1606 394 1655 πολλῶν
442 1606 953 1669 ἐπιβεβουλευμένων
999 1604 1131 1652 idem
1179 1604 1353 1652 valent
1393 1618 1472 1652 ae:
1514 1605 1569 1652 ἐκ
1604 1604 1799 1653 πολλῶν

196 1692 674 1754 ἐπιβουλευμάτων,
710 1691 745 1738 ἃ
782 1689 1253 1752 ἐπιβεβουλευμένα
1291 1689 1446 1738 ἐστίν.

259 1768 515 1837 Ceterum,
562 1777 604 1824 si
649 1777 778 1824 hane
811 1777 1178 1838 amplectemur
1211 1775 1555 1824 coniecturam
1571 1813 1582 1835 ,
1618 1777 1798 1836 verba,

193 1879 294 1928 quo
354 1864 408 1911 in
473 1862 639 1912 codice
700 1862 743 1910 A
805 1862 1047 1925 leguntur
1092 1861 1264 1909 ordine
1310 1862 1517 1910 retineri
1561 1865 1799 1924 possunt,

193 1949 322 1998 scil.:
359 1949 416 1997 ἐκ
451 1948 647 1997 πολλῶν
680 1945 860 1996 εἶναι
897 1947 1195 2012 φανεράν
1225 1947 1366 2008 ε’πιβ.
1399 1947 1565 1996 Habes
1595 1947 1798 2010 quidem

193 2035 405 2086 verbum
449 2033 589 2084 εἶναι
630 2037 742 2098 post
776 2049 881 2083 voc,
920 2037 1143 2098 φανερός
1178 2034 1401 2096 positum
1432 2035 1497 2081 B.
1534 2034 1590 2096 β.
1630 2033 1731 2094 §52
1771 2034 1799 2082 ὁ

193 2119 251 2170 δὲ
296 2130 441 2180 παῖς,
486 2125 618 2186 εἴπερ
664 2121 822 2176 ἑστὼς
869 2122 1090 2185 φανερὸς
1137 2122 1266 2182 ’ὑμῖν
1313 2123 1421 2168 ἐστι
1464 2122 1534 2182 μὴ
1571 2120 1798 2180 ’βληθείς

193 2223 240 2270 q.
261 2223 299 2256 S.
334 2209 389 2256 et·
422 2209 484 2256 B.
521 2226 568 2272 γ.
610 2209 637 2267 ἓ
667 2206 719 2258 7:
756 2205 875 2255 ου’δὲ
909 2206 1115 2268 ἀφανὴς
1150 2207 1278 2255 ἄλλά
1312 2206 1404 2254 καὶ
1440 2206 1560 2254 λίαν
1579 2208 1798 2270 φανερὸς

193 2293 371 2358 ἔμοιγε
415 2294 570 2343 αὐτοῦ
618 2293 645 2341 ὁ
683 2293 919 2349 θάνατός
955 2295 1125 2353 ἐστιν,
1161 2293 1246 2342 sed
1281 2292 1625 2355 praepositum
1658 2292 1796 2340 inve-

193 2380 360 2428 nimus
393 2395 435 2428 e.
455 2395 501 2443 g.
537 2380 599 2427 A.
635 2397 680 2444 y.
717 2379 817 2439 §82
855 2383 1068 2440 φάσκων
1103 2377 1159 2428 δὲ
1195 2380 1256 2428 ου’
1291 2379 1410 2434 τοὺς
1444 2379 1652 2433 εἰκότως
1671 2377 1798 2425 dna*

196 2464 314 2522 τοὺς
361 2466 775 2520 ἀποκτειναντας
817 2469 1013 2527 φονέας
1057 2450 1229 2522 εἶναι(
1260 2466 1369 2529 περὶ
1400 2465 1501 2525 μὲν
1535 2469 1637 2513 τῶν
1673 2464 1796 2513 οέπο-

196 2551 506 2602 κτεινάντων
563 2553 734 2616 ὀρθῶς
792 2553 955 2617 λέγει,
1016 2556 1148 2616 εἴπερ
1185 2555 1380 2618 ἐγένετο
1415 2552 1640 2615 φανερὸν
1673 2557 1796 2611 ἡμῖν

196 2638 330 2695 τίνες
363 2635 497 2698 ἦσαν
531 2645 588 2687 οἱ
620 2638 1013 2695 ἀποκτείναντες
1049 2640 1226 2688 αὐτόν.
1263 2639 1320 2688 V.
1359 2638 1492 2699 523:
1531 2639 1622 2686 καὶ
1653 2638 1798 2698 ὁμέν

196 2725 324 2774 ἐστι·
358 2725 579 2788 φανερὸς
632 2725 801 2788 ἐκβάς
853 2726 909 2773 ἐκ
961 2731 1049 2774 τοῦ
1100 2725 1273 2774 πλοίου
1326 2725 1416 2774 καὶ
1468 2726 1560 2774 οὐκ
1609 2725 1797 2787 εἰσβὰς

195 2811 362 2861 πάλιν.
394 2811 633 2860 Videmus
666 2811 850 2874 igitur,
885 2811 1012 2859 nihil
1042 2826 1173 2872 esse,
1203 2827 1292 2860 cur
1319 2811 1436 2860 libri
1464 2810 1510 2859 A
1526 2811 1795 2859 lectionem

194 2898 433 2962 vulgatae
465 2899 843 2960 postponamus.

261 2982 384 3045 561.
430 2987 699 3048 τεκμήριον
745 2981 802 3031 δὲ
847 2987 1097 3049 μέγιστον
1133 2983 1200 3039 ὡς
1234 2983 1326 3032 οὐκ
1362 2983 1598 3046 ἐβούλετο
1633 2983 1794 3032 αὐτὸν
