2014 3412
961 290 1021 341 77

196 414 302 464 cuti
335 417 467 464 sunt.
505 414 599 464 Sed
632 416 807 463 tamen
843 415 1045 474 dubito,
1080 431 1204 463 num
1242 418 1321 464 sat
1355 418 1491 465 recte
1524 417 1600 465 ita
1633 423 1788 481 agant

195 498 292 548 viri
324 499 471 548 docti.
507 499 642 547 Nam
675 501 794 548 ante
828 499 998 548 omnia
1018 535 1030 558 ,
1067 500 1109 547 si
1137 515 1459 561 quaeremus,
1489 501 1550 549 de
1567 518 1788 564 quanam

193 597 250 630 re
280 584 495 645 putandi
526 585 630 632 sint
663 590 716 632 οἱ
748 584 998 648 μάρτυρες
1033 585 1386 632 testimonium
1416 585 1595 635 dixisse
1611 624 1622 646 ,
1651 603 1788 650 repe-

191 666 377 728 rimuS,
428 683 512 717 eos
527 707 538 728 ,
588 675 649 717 ut
699 669 1057 718 confirmarent
1074 705 1086 727 ,
1140 684 1269 730 quae
1323 671 1351 729 ἓ
1383 669 1444 716 33
1499 672 1790 733 protulisset

191 754 390 812 orator,
434 753 616 802 citatos
662 769 780 802 esse.
823 753 919 802 Sed
953 755 1067 800 tum
1102 755 1217 814 post
1251 755 1279 813 ἓ
1299 753 1359 800 33
1394 755 1580 802 rectius
1614 771 1666 803 se
1700 758 1787 804 ha-

189 835 359 884 bitura
392 839 513 885 sunt
545 839 720 887 verba:
759 839 949 887 τούτων
983 836 1039 885 δὲ
1075 857 1129 898 μ.
1167 857 1218 893 μ.
1247 855 1310 896 x„
1335 840 1500 900 'quam
1534 840 1621 887 ubi
1656 856 1791 889 nunc

187 919 452 983 leguntur,
497 923 590 970 sub
634 923 786 971 finem
821 922 928 983 §35
946 959 958 981 ,
996 922 1082 969 ubi
1115 923 1474 971 tantummodo
1509 923 1787 972 dilacerant

188 1005 243 1052 et
275 1005 526 1054 divellunt
557 1007 836 1055 orationem
851 1043 863 1066 ,
899 1021 1028 1068 quae
1061 1007 1090 1066 ἓ
1109 1005 1170 1053 34
1204 1021 1235 1052 a
1263 1007 1451 1055 verbis:
1482 1014 1539 1055 οἱ
1561 1007 1661 1067 μὲν
1689 1009 1787 1073 γάρ

185 1088 328 1138 ἄλλοι
361 1090 629 1153 incipiens,
665 1107 766 1139 non
801 1093 861 1138 ut
893 1091 947 1138 in
982 1091 1423 1153 argumentatione
1452 1091 1536 1151 fit,
1555 1094 1781 1142 testimo-

185 1175 283 1223 niis
327 1175 611 1224 confirmari
655 1178 849 1239 potest,
884 1175 1181 1238 sed-utpote
1217 1191 1381 1235 mera,
1421 1177 1781 1240 indignationis

183 1259 358 1322 plena,
391 1261 658 1324 explicatio
692 1276 866 1309 eorum
883 1297 895 1320 ,
929 1275 1059 1323 quae
1094 1261 1368 1309 adversarii
1404 1261 1580 1311 fecisse
1615 1263 1783 1311 dican·

183 1346 298 1405 tur,
330 1345 555 1394 iudicum
591 1346 686 1393 sibi
719 1346 982 1394 conciliare
1018 1346 1191 1393 studet
1224 1346 1436 1394 animos.
1483 1348 1554 1394 At
1588 1348 1756 1396 dicent
1771 1385 1783 1408 ,

182 1430 532 1479 testimonium
577 1431 734 1479 etiam
778 1431 958 1478 datum
1002 1446 1106 1479 esse
1146 1431 1207 1478 de
1243 1430 1375 1490 §342
1413 1430 1520 1478 ἀλλ’
1557 1432 1781 1482 ἀπέκτει-

184 1532 288 1564 ναν
322 1515 751 1582 <ιέπαγ>αγόντες
787 1517 875 1564 τὸν
911 1515 1080 1579 ἄνδρα
1116 1517 1209 1565 τὸν
1243 1521 1496 1576 μηνυτήν,
1523 1521 1636 1580 post
1653 1535 1782 1582 quae

183 1615 248 1649 ne
305 1601 480 1650 statim
527 1603 809 1650 citarentur
852 1603 1008 1650 testes
1023 1640 1035 1658 ‚
1082 1601 1347 1663 impedisse
1393 1617 1577 1651 novam
1593 1640 1605 1662 ,
1651 1620 1780 1666 quae

182 1685 367 1734 verbis:
404 1687 709 1736 τούναντίον
744 1691 1044 1746 ποιήσαντες
1077 1689 1106 1744 ἢ
1139 1692 1196 1734 οἱ
1225 1686 1371 1734 ἄλλοι
1400 1686 1667 1752 ἄνθρωποι
1694 1690 1779 1737 ad-

181 1771 358 1820 iuncta
389 1772 484 1831 sit,
518 1772 895 1834 expositionem.
931 1771 1048 1830 Sed,
1085 1773 1145 1818 ut
1177 1771 1280 1818 iam
1315 1771 1442 1831 dixi,
1477 1788 1676 1821 omnem
1693 1810 1705 1832 ,
1739 1775 1781 1821 si

182 1857 360 1917 verba,
395 1857 456 1906 de
490 1858 672 1920 quibus
707 1858 770 1905 lis
807 1859 910 1916 est,
946 1857 1053 1904 loco
1086 1871 1176 1903 suo
1213 1856 1569 1916 retinebimus,
1603 1858 1778 1920 perdet

180 1941 286 1990 vim
321 1943 375 1991 et
407 1943 714 2005 gravitatem
744 1957 889 1990 suam
920 1941 1107 1998 orati0;
1139 1955 1238 2002 quo
1268 1941 1460 1989 accedit
1474 1978 1485 1998 ,
1514 1943 1647 2004 quod
1664 1945 1778 1990 tum

180 2026 327 2075 valde
361 2026 486 2074 mihi
520 2026 803 2088 displicebit
838 2027 951 2073 tota
985 2026 1102 2080 τοὺς
1130 2025 1396 2088 μάρτυρας
1423 2026 1614 2074 citandi
1630 2028 1778 2086 ratio,

180 2124 334 2172 quae,
369 2125 485 2159 cum
519 2110 595 2158 ita
627 2109 1043 2168 confunderetur,
1079 2110 1336 2172 prohibet,
1371 2111 1643 2172 quominus
1665 2114 1780 2173 post
1869 2111 1876 2118 ’

180 2195 209 2254 ἕ
227 2193 289 2241 33
319 2196 475 2243 testes
510 2195 710 2257 prodire
740 2195 898 2242 iussos
937 2209 1042 2242 esse
1078 2197 1328 2256 putemus

245 2278 438 2328 Primos
470 2279 738 2344 μάρτυρας
771 2279 981 2341 praebet
1015 2281 1186 2326 orator
1220 2281 1333 2340 post
1369 2279 1476 2339 §20
1491 2316 1503 2339 ,
1538 2280 1627 2342 qui
1662 2296 1776 2330 con-

178 2363 408 2424 firment,
448 2380 577 2428 quae
611 2365 672 2413 de
708 2364 963 2412 communi
997 2363 1320 2426 navigatione
1354 2363 1537 2412 dixerit
1551 2401 1563 2423 ,
1600 2365 1775 2414 deinde

177 2451 291 2512 post
335 2451 364 2510 g
383 2450 471 2510 22,
516 2466 604 2513 per
648 2465 773 2512 quos
813 2449 1026 2507 indicet,
1073 2463 1249 2497 verum
1285 2464 1414 2509 esse,
1450 2449 1583 2511 quod
1617 2451 1775 2512 perhi-

176 2534 370 2594 buerit,
409 2550 514 2584 sese
548 2535 650 2583 scil.
687 2537 740 2583 et
768 2534 1018 2583 Herodem
1050 2535 1246 2581 coactos
1265 2548 1372 2581 esse
1389 2549 1449 2582 ex
1468 2549 1570 2581 una
1587 2535 1706 2582 navi
1722 2535 1775 2582 in

176 2618 390 2667 alteram
408 2620 775 2668 transcendere.
795 2619 945 2666 Vides
963 2618 1120 2680 igitur
1135 2655 1146 2673 ‚
1166 2618 1226 2666 de
1244 2620 1356 2666 tota
1374 2619 1544 2680 aliqua
1561 2634 1615 2667 re
1633 2634 1772 2681 prae-

175 2702 282 2751 beri
316 2705 470 2752 testes
486 2741 498 2763 ,
532 2704 610 2751 ita
638 2706 698 2751 ut
727 2704 790 2751 ab
818 2704 908 2751 illa
937 2718 990 2751 re
1008 2739 1020 2762 ,
1051 2703 1342 2751 testimonio
1361 2703 1495 2752 dicto
1513 2705 1773 2765 absoluta,

176 2787 355 2835 statim
386 2790 676 2837 transeatur
709 2789 771 2835 ad
801 2803 989 2837 novum
1019 2787 1208 2835 crimen
1235 2787 1574 2836 refutandum.
1595 2788 1773 2851 Itaque

175 2873 429 2938 μάρτυρες
464 2875 579 2935 post
614 2875 642 2933 ἓ
662 2872 723 2919 24
759 2872 968 2930 adsunt,
1003 2874 1064 2919 ut
1100 2871 1351 2920 affirment
1379 2872 1628 2920 Herodem
1660 2887 1771 2922 eva-

174 2958 318 3007 nuise
347 2972 438 3006 nec
471 2957 702 3017 rediisse,
739 2959 852 3020 post
880 2956 1015 3017 528,
1050 2961 1110 3004 ut
1144 2956 1424 3015 stabiliant,
1450 2958 1583 3018 quod
1601 2959 1771 3007 orator
