2014 3412
992 277 1049 325 15

911 509 997 582 ΙΙ.
1054 533 1118 582 Α.

264 688 334 735 α.
380 672 410 732 ἓ
437 670 482 719 8.
525 673 708 730 σαφῶς
752 665 906 731 δ’ᾔδει
942 667 1269 727 ἁλωσόμενος
1305 666 1479 725 αὐτὴν·
1517 667 1577 714 ου’
1612 666 1710 730 γαρ
1745 666 1815 715 ἂν

11 795 16 805 .
154 775 156 777 ·
212 754 368 806 τόνδε
393 757 486 804 τὸν
511 755 694 820 α’γῶνα
726 755 966 814 ἐνόμισεν
996 753 1374 816 ἀσφαλέσι-ερον
1391 750 1542 799 εἶναι.
1564 751 1810 814 Equidem

194 840 418 902 'Blassii,
466 843 586 890 ante
633 846 816 902 σαφῶς
852 838 960 903 ᾔδει
997 839 1263 888 inserentis
1299 838 1475 887 verba:
1510 838 1579 897 μὴ
1615 835 1817 901 δράσας

188 926 302 989 δέ,
347 928 666 978 coniecturae
709 926 943 975 assentiri
984 940 1087 974 non
1121 939 1340 987 possum.
1382 922 1451 970 Ex
1486 937 1600 970 mea
1633 922 1815 970 saltem

211 1014 450 1079 opinione
493 1013 618 1062 haec
663 1012 816 1062 verba
862 1027 901 1059 a.
928 1011 1028 1072 ξ’ἵε
1066 1008 1186 1058 τάδε
1220 1009 1320 1071 μὲν
1354 1007 1555 1073 δράσας
1590 1007 1814 1070 longiore

213 1099 443 1150 seiuncta
471 1101 593 1148 sunt
625 1098 920 1158 intervallo,
956 1112 1112 1160 quam
1147 1098 1208 1144 ut
1239 1096 1334 1143 hoc
1366 1095 1475 1143 loco
1510 1093 1666 1142 tacite
1700 1108 1813 1155 sup·

213 1185 342 1249 pleri
369 1186 551 1249 possit:
582 1182 700 1232 τάδε
729 1182 792 1232 δέ
814 1184 847 1231 i.
880 1198 922 1231 e.
952 1195 1151 1239 necem;
1182 1180 1406 1229 conferas
1425 1180 1581 1228 etiam
1601 1178 1811 1228 Schoell.

209 1269 270 1319 ‘in
299 1269 606 1320 Fleckeiseni
636 1269 904 1319 annalibus
922 1267 1036 1316 CIII
1053 1282 1165 1331 pag.
1187 1266 1297 1314 304.
1317 1265 1423 1315 Nec
1441 1281 1563 1328 opus
1583 1280 1689 1313 esse
1706 1267 1816 1312 tam

211 1353 442 1406 violenta
471 1356 757 1404 mutatione
785 1355 954 1403 locum
983 1353 1135 1416 paulo
1163 1352 1443 1400 accuratius
1462 1350 1817 1414 reputantibus

207 1441 495 1506 ¹apparebit.
525 1441 803 1490 Accusator
830 1439 967 1488 enim
997 1438 1227 1501 perhibet
1241 1475 1253 1497 ‚
1283 1453 1384 1485 non
1413 1437 1565 1484 fuisse
1593 1435 1819 1494 dubium,

215 1527 341 1590 quin
390 1542 534 1587 reus,
580 1524 825 1581 συνειδὼς
871 1523 970 1586 μὲν
1015 1526 1152 1587 αὐτῷ
1193 1523 1253 1571 τὸ
1290 1521 1546 1582 ἀδίκημα,
1583 1522 1819 1586 ἔμπειρος

219 1610 344 1661 &dem
390 1620 478 1671 τῆς
511 1613 691 1661 τούτου
727 1610 992 1673 δυνάμεως
1027 1609 1103 1670 (cf.
1143 1609 1256 1670 56),
1292 1609 1333 1656 si
1366 1608 1421 1656 in
1454 1607 1698 1655 iudicium
1732 1606 1817 1654 ad-

217 1697 399 1747 ductus
433 1699 591 1756 esset,
623 1697 988 1746 condemnatus
1017 1695 1218 1753 fuisset;
1250 1709 1405 1756 quare
1434 1693 1681 1741 iudicibus
1709 1707 1818 1754 per-

217 1783 429 1832 suadere
471 1785 685 1831 conatur
700 1819 712 1842 ,
758 1797 903 1831 reum
937 1796 995 1830 eo
1030 1780 1237 1829 consilio
1272 1778 1472 1827 caedem
1509 1777 1710 1840 cognati
1743 1777 1822 1824 sui

216 1870 472 1932 patrasse,
505 1869 567 1915 ut
591 1868 686 1916 hoc
719 1867 856 1916 facto
890 1867 1135 1931 iudicium
1154 1866 1432 1928 'effugerem
1453 1863 1512 1912 cf.
1533 1865 1560 1924 ἓ
1580 1863 1629 1914 7:
1650 1862 1826 1921 ἢλπιζέ

219 1973 272 2004 τε
316 1952 437 2004 τάδε
477 1953 578 2014 μὲν
625 1952 823 2019 δράσας
858 1953 950 2001 καὶ
983 1952 1151 2012 λήσειν
1185 1951 1494 2005 ἀποκτείνας
1529 1949 1694 1997 αὐτὸν
1728 1948 1822 1996 καὶ

221 2041 602 2103 ἀποφεύξεσθαι
647 2043 740 2099 τὴν
766 2044 986 2105 γραφὴν·
1023 2038 1140 2088 οὐδὲ
1176 2040 1276 2103 γαρ
1312 2039 1571 2094 ἐπεξιέναι
1604 2033 1821 2093 οὐδένα,

147 2151 151 2155 ·
221 2127 330 2178 ἀλλ’
374 2132 563 2190 ἐρήμην
597 2128 757 2186 αὐτὴν
791 2127 1019 2175 ἔσεσθαι.
1055 2126 1116 2173 In
1148 2126 1244 2172 hac
1278 2123 1635 2186 explicatione,
1670 2136 1823 2184 quae,

221 2214 320 2264 nisi
363 2213 512 2263 valde
557 2213 734 2273 fallor,
769 2213 960 2275 optime
998 2227 1049 2260 se
1083 2210 1260 2268 habet,
1297 2209 1362 2256 ad
1396 2209 1575 2258 verba:
1612 2206 1821 2271 ᾔδεκν>

223 2300 547 2361 ἁλωσόμενος
576 2301 766 2360 αὐτὴν,
802 2303 922 2362 (qua
955 2313 1070 2346 cum
1104 2295 1300 2344 dicendi
1334 2294 1531 2343 ratione
1559 2293 1619 2342 cf.
1639 2294 1697 2355 β.
1718 2295 1746 2354 ἓ
1766 2293 1821 2341 9:

221 2384 316 2451 ᾔδη
360 2388 748 2449 ἔκστησόμενος)
793 2399 896 2434 non
940 2384 1046 2431 iam
1090 2380 1424 2444 supplendum
1460 2382 1563 2430 est:
1599 2382 1668 2440 μὴ
1703 2379 1824 2428 απο-

223 2474 430 2529 κτείνας
462 2474 646 2532 αὐτόν,
681 2472 767 2521 sed
801 2486 906 2521 voc.
945 2471 1104 2529 αὐτὴν
1131 2469 1163 2517 i.
1186 2483 1227 2517 e.
1247 2473 1465 2532 γραφήν,
1483 2468 1822 2529 praegnanter

212 2560 474 2624 positum,
519 2546 821 2608 uertendum
867 2559 968 2606 est:
1020 2556 1214 2614 iudicio,
1249 2554 1290 2601 si
1323 2569 1481 2600 revera
1516 2555 1669 2610 fieret,
1707 2559 1827 2600 certe

223 2662 273 2695 se
306 2646 480 2695 sciebat
513 2646 772 2693 damnatum
806 2644 882 2690 iri.
917 2642 1026 2691 Hoc
1058 2641 1206 2690 modo
1239 2639 1600 2702 interpretanti
1617 2640 1823 2687 tantum

225 2746 352 2795 opus
397 2732 475 2780 est
517 2731 659 2794 signo
703 2729 954 2793 pleniore,
998 2729 1115 2791 post
1149 2724 1514 2790 διαφθαρῆναι
1547 2725 1737 2787 posito,
1770 2726 1825 2773 in

223 2817 497 2868 semicolon
531 2818 750 2864 mutato.

291 2902 526 2952 Ceterum
573 2916 753 2965 operae
787 2900 1010 2964 pretium
1045 2899 1172 2948 duco
1206 2897 1609 2947 animadvertere
1623 2934 1635 2957 ,
1669 2912 1822 2961 quam

226 2989 398 3039 fallaci
431 2990 485 3038 et
519 2988 742 3052 captiosa
770 2985 1162 3050 argumentandi
1198 2984 1393 3034 ratione
1427 2986 1599 3033 orator
1632 2985 1827 3044 utatur,
