2014 3412
1012 307 1074 357 30

254 434 491 482 straverit
540 449 651 482 reus
668 472 679 494 ,
729 449 843 482 cum
893 435 1187 496 praesertim
1238 449 1297 482 ex
1347 435 1666 497 sequentibus
1714 437 1836 485 satis

255 520 519 580 appareat,
565 521 757 580 quanta
800 519 1056 566 tribuatur
1101 519 1224 581 legi,
1273 518 1333 566 de
1381 534 1480 580 qua
1530 534 1689 568 sermo
1734 522 1836 580 est,

254 603 329 663 vis
374 605 426 650 et
472 604 760 652 auctoritas.
823 603 1054 651 Ceterum
1099 618 1206 662 me,
1255 603 1381 650 talia
1426 603 1486 651 de
1525 606 1694 653 nostro
1729 605 1837 653 loco

255 687 624 749 praedicantem
641 724 652 746 ‚
696 702 867 736 veram
902 687 1164 735 lectionem
1199 687 1426 749 indagari
1461 703 1605 750 posse
1623 726 1634 744 ‚
1669 688 1839 751 despe-

255 786 391 827 rare,
428 773 512 820 vix
548 775 648 829 est,
685 771 817 833 quod
853 772 1078 833 pluribus
1114 772 1289 819 dicam.

320 857 393 915 §g
417 856 615 904 10—12.
654 856 998 917 ἀπολυόμενος
1035 854 1090 904 δὲ
1123 857 1221 904 ὑπό
1255 875 1306 905 τε
1340 865 1426 916 τῆς
1461 856 1701 915 ἀληθείας
1735 860 1840 906 τῶν

255 943 599 1003 πραχθέντων
643 942 738 989 ὑπό
781 959 832 988 τε
878 947 965 989 τοῦ
1000 944 1164 1002 νόμου
1199 941 1385 989 καθ’ὃν
1421 940 1684 1000 διώκεται,
1720 939 1839 992 οὐδὲ

255 1021 361 1074 τῶν
390 1025 790 1084 ἐπιτηδευμάτων
816 1029 982 1074 εἵνεκα
1001 1025 1198 1074 δίκαιοι
1218 1028 1460 1075 τοιούτων
1479 1032 1654 1075 κακῶν
1671 1025 1839 1084 οὶξιοῦ-

256 1111 390 1159 σθαί
421 1113 585 1173 ἐσμεν.
622 1105 768 1167 οὗτός
801 1131 850 1160 τε
885 1112 982 1176 γάρ
1020 1111 1211 1160 άνόσια
1247 1113 1471 1160 πείσεται
1506 1111 1600 1167 τοὶς
1620 1113 1680 1160 ου’
1696 1129 1841 1175 προς-

258 1199 476 1254 ηκούσας
518 1199 683 1260 φέρων
730 1197 1015 1261 ἁμαρτίας,
1065 1197 1159 1261 ἐγώ
1199 1216 1248 1244 τε
1293 1197 1489 1258 μᾶλλον
1532 1196 1629 1257 μὲν
1667 1194 1841 1255 οὐδέν,

258 1284 449 1343 ὁμοίως
494 1281 549 1330 δὲ
593 1285 747 1346 τούτῳ
792 1284 1153 1346 ἀναμάρτητος
1198 1284 1291 1339 ὤν,
1333 1283 1407 1338 εἰς
1441 1282 1842 1337 πολλαπλασίους

259 1371 439 1418 τούτου
489 1370 755 1431 συμφοράς
789 1371 900 1427 ἥξω·
942 1369 1029 1416 ἐπί
1056 1387 1106 1415 τε
1139 1368 1238 1432 γάρ
1272 1375 1328 1428 τῇ
1364 1370 1538 1417 τούτου
1575 1366 1842 1431 διαφθορᾷ

260 1455 490 1516 ἀβίωτον
520 1456 577 1502 τὸ
606 1443 899 1516 λειπόμενον
930 1461 1017 1503 τοῦ
1047 1455 1173 1515 βίου
1200 1453 1386 1514 διάξω,
1416 1456 1503 1502 ἐπί
1531 1473 1580 1502 τε
1612 1461 1669 1516 τῇ
1689 1455 1841 1516 ἐμαυ-

258 1547 344 1588 τοῦ
379 1538 604 1604 ἀπαιδίᾳ
638 1543 743 1599 ζῶν
779 1542 853 1587 ἔτι
888 1543 1364 1603 κατορυχθησομαι.
1469 1526 1479 1534 ’

325 1625 600 1680 Ἐλεοῦντες
634 1618 725 1673 οὖν
754 1624 895 1674 τοῦδε
916 1623 1016 1686 μὲν
1043 1631 1130 1673 τοῦ
1162 1627 1339 1683 νηπίου
1369 1626 1459 1682 τὴν
1484 1624 1844 1688 ἀναμάρτητον

261 1716 544 1775 συμφοράν,
565 1713 685 1772 ἐμοῦ
705 1709 760 1758 δὲ
779 1717 866 1759 τοῦ
885 1717 1097 1775 γηραιοῦ
1115 1711 1206 1758 καὶ
1224 1710 1409 1758 ἀθλίου
1428 1712 1517 1768 τὴν
1535 1707 1844 1774 άπροςδόκη-

261 1816 350 1846 τον
377 1797 762 1852 κακοπάθειαν,
795 1799 862 1857 μὴ
890 1797 1377 1857 καταψηφισάμενοι
1396 1794 1689 1859 δυσμόρους
1707 1798 1843 1857 ἡμᾶς

261 1891 628 1942 καταστήσητε,
668 1882 771 1930 ἀλλ’
804 1882 1103 1937 ἀπολύοντες
1132 1882 1389 1943 εὐσεβεῖτε.
1421 1882 1449 1929 ὅ
1481 1901 1531 1930 τε
1559 1881 1658 1946 γάρ
1683 1880 1845 1945 ἁμαρ-

261 1971 362 2017 τὼν
399 1976 693 2031 συμφοραῖς
726 1968 998 2032 περιπεσὼν
1031 1968 1122 2015 οὐκ
1158 1967 1475 2030 οἷτιμώρητός
1509 1968 1677 2026 ἐστιν,
1701 1969 1846 2028 ἡμεῖς

264 2074 315 2103 τε
361 2056 421 2102 οὐ
467 2053 663 2102 δίκαιοι
711 2054 803 2108 τάς
843 2056 1033 2102 τούτων
1068 2052 1327 2115 ἁμαρτίας
1365 2055 1642 2116 συμφέρειν
1677 2053 1844 2113 ἐσμέν,

262 2146 352 2199 την
396 2159 446 2188 τε
491 2141 576 2187 οὖν
616 2139 883 2200 εὐσέβειαν
925 2140 1117 2187 τούτων
1152 2143 1255 2185 τῶν
1289 2142 1634 2202 πραχθέντων
1667 2138 1756 2185 καὶ
1787 2138 1848 2185 τὸ

263 2226 474 2275 δίκαιον
519 2224 813 2286 αἰδούμενοι
859 2226 1014 2280 ὁσίως
1047 2226 1134 2272 καὶ
1169 2224 1388 2279 δικαίως
1422 2224 1654 2272 ἀπολύετε
1686 2226 1847 2284 ἡμᾶς,

263 2314 353 2360 καὶ
385 2314 455 2373 μὴ
491 2311 792 2359 α’θλιωτάτω
828 2309 917 2358 δύο
951 2314 1144 2371 πατέρα
1180 2310 1271 2357 καὶ
1305 2308 1467 2357 παῖδα
1504 2309 1692 2373 ἀώροις
1721 2326 1845 2368 συμ-

263 2407 454 2463 φοραῖς
517 2397 822 2461 περιβάλητε.
878 2395 1000 2443 Cum
1052 2395 1279 2442 Reiskius
1330 2394 1435 2442 sine
1487 2395 1620 2442 iusta
1670 2409 1846 2459 causa,

263 2484 390 2531 miro
405 2520 416 2542 ‚
462 2483 548 2544 qui
595 2482 792 2530 videtur
808 2519 819 2541 ,
865 2497 894 2528 a
927 2480 1168 2543 singulari
1202 2480 1263 2526 ad
1298 2479 1544 2541 pluralem
1578 2494 1846 2526 numerum

262 2569 480 2616 transitu
525 2567 737 2614 offensus
772 2567 990 2628 primum
1026 2567 1053 2625 ἓ
1081 2565 1138 2612 10
1173 2565 1383 2613 verbum
1418 2564 1471 2611 in
1505 2564 1847 2624 ἀπολυόμενοι

265 2652 565 2700 mutandum
612 2640 835 2710 censeat,
881 2650 1026 2699 valde
1071 2650 1248 2708 miror,
1294 2663 1454 2710 neque
1497 2663 1638 2708 eum,
1684 2664 1846 2711 neque

264 2751 569 2800 quemquam
614 2736 864 2784 editorum
898 2735 1150 2783 notavisse
1184 2734 1401 2792 malum,
1436 2749 1534 2795 quo
1569 2734 1847 2782 sententiae

263 2821 624 2885 suprascriptae
660 2820 793 2868 inter
827 2836 878 2868 se
912 2820 1202 2877 cohaerent,
1238 2832 1494 2865 conexum.
1539 2816 1671 2865 Nam
1687 2854 1699 2877 ,
1732 2832 1846 2865 cum

264 2908 336 2955 rei
379 2908 524 2969 pater
567 2905 728 2953 verbis
745 2942 756 2963 ,
802 2920 928 2967 quae
975 2919 1125 2966 supra
1173 2902 1316 2962 fecit,
1354 2902 1455 2949 iam
1491 2904 1570 2950 sat
1603 2916 1847 2964 superque

266 2989 686 3040 demonstraverit
700 3025 713 3049 ‚
762 2989 922 3038 filium
971 3004 1118 3037 suum
1163 2989 1271 3035 tam
1324 2986 1457 3049 lege,
1504 3002 1604 3050 qua
1649 2988 1845 3035 nitatur
