2014 3412
1020 318 1082 365 12

262 445 500 500 πολλάκις
534 443 625 503 ἤδη
660 444 1012 509 ἐπάϋτοφώρῳ
1045 446 1328 506 ληφθεῖσαν
1365 444 1454 492 τὸν
1490 444 1723 493 θάνατον
1751 445 1844 494 τὸν

263 532 455 580 ἐκεινου
489 535 886 592 μηχανωμένην.

325 618 352 676 ἓ
395 615 439 664 4.
487 617 631 675 ’ὑμεῖς
678 616 776 680 γάρ
819 635 914 677 μοι
960 617 1268 681 ἀναγκαῖοι.
1318 618 1408 671 οὓς
1453 616 1549 681 γάρ
1585 618 1742 680 ἐχρῆν
1774 622 1844 681 τῷ

257 701 355 762 μὲν
405 705 644 750 τεθνεῶτι
693 704 942 766 τιμωροὺς
994 708 1266 767 γενέσθαι,
1322 703 1438 764 ἐμοὶ
1483 701 1538 750 δὲ
1583 703 1844 765 βοηθούς,

260 780 400 836 οὗτοι
435 794 521 836 τοῦ
556 786 653 846 μὲν
687 793 963 844 τεθνεῶτος
998 796 1159 850 φονῆς
1196 791 1527 853 γεγένηνται,
1563 788 1676 849 ἐμοὶ
1705 786 1842 837 δὀἷν·

259 871 450 921 τίὸικοι
496 877 804 922 καθεστᾶσι.
843 876 963 939 πρὸς
999 876 1150 930 τίνας
1185 868 1277 923 οὖν
1313 875 1434 938 ἔλθῃ
1468 893 1549 929 τις
1583 875 1842 935 βοηθούς,

258 963 286 1019 ἢ
332 969 426 1008 ποῖ
462 962 550 1018 τὴν
596 963 897 1025 καταφυγὴν
941 966 1210 1020 ποιήσεται
1254 961 1439 1009 ἄλλοθι
1483 964 1512 1020 ἢ
1553 962 1674 1024 πρὸς
1705 961 1844 1023 ὑμᾶς

261 1046 352 1093 καὶ
383 1046 442 1093 τὸ
477 1045 702 1104 δίκαιον;
738 1046 966 1095 Fortasse
997 1046 1242 1108 quispiam
1276 1046 1508 1104 miratur,
1541 1046 1693 1094 verba
1720 1047 1844 1110 πρὸς

260 1132 414 1187 τίνας
459 1124 554 1180 οὖν
597 1131 722 1195 ἔλθῃ
768 1149 851 1188 τις
893 1132 1125 1192 βοηθούς
1163 1131 1326 1179 adhuc
1362 1131 1424 1178 ab
1459 1131 1730 1179 editoribus
1762 1132 1844 1179 ut-

260 1218 378 1278 pote
405 1217 603 1279 integra
629 1217 844 1278 relinqui
860 1254 871 1276 ‚
903 1232 1018 1264 cum
1046 1217 1238 1278 pridem
1262 1216 1516 1264 Dobraeus
1535 1214 1844 1278 Cobetusque

203 1286 207 1289 ⁵
261 1301 449 1363 optime
477 1303 529 1349 et
553 1302 649 1360 ita,
678 1303 739 1348 ut
765 1302 1032 1363 unicuique
1058 1301 1204 1349 facile
1233 1300 1616 1362 persuaderent,
1645 1301 1844 1349 demon-

262 1386 498 1444 strarint,
543 1401 632 1448 pro
679 1386 802 1450 ἔλθῃ
834 1386 1202 1434 restituendum
1236 1399 1363 1433 esse:
1401 1385 1469 1434 ἂν
1502 1385 1662 1434 ἔλθοι.
1707 1385 1846 1434 Goel-

260 1470 422 1518 kelius
451 1472 627 1518 contra
651 1470 703 1517 in
733 1470 1081 1518 dissertatione
1109 1485 1199 1517 sua
1232 1470 1519 1532 „Beitraege
1547 1485 1636 1517 zur
1653 1469 1846 1532 Syntax

262 1555 347 1602 des
398 1555 644 1603 Verbums
695 1556 798 1603 und
849 1572 938 1603 zur
990 1555 1315 1618 Satzbildung
1365 1556 1444 1604 bei
1493 1556 1606 1604 dem
1651 1556 1847 1606 Redner

261 1640 549 1702 Antiphon''
584 1656 694 1703 pag.
733 1641 778 1688 9*
795 1642 1056 1704 vulgatam
1090 1641 1360 1689 lectionem
1386 1641 1462 1688 ita
1488 1641 1621 1689 tueri
1648 1641 1846 1701 studet,

260 1727 321 1772 ut
354 1725 622 1773 admoneat
636 1763 647 1785 ‚
683 1725 1067 1775 Coniunctivum
1103 1726 1384 1774 Praesentis
1419 1726 1700 1788 antiquitus
1733 1741 1842 1774 mu-

260 1825 377 1858 nere
421 1809 651 1858 functum
696 1826 802 1859 esse
843 1812 1037 1859 Futuri.
1091 1812 1162 1858 At
1202 1811 1387 1858 iniuria
1427 1810 1681 1872 perhibet,
1715 1811 1844 1859 hanc

261 1895 323 1942 ob
350 1910 457 1942 rem
486 1895 735 1943 Futurum
759 1895 1144 1958 Praesentisque
1162 1895 1547 1943 Coniunctivum
1564 1895 1844 1957 promiscue

259 1979 377 2041 poni
406 1980 574 2027 solere.
611 1980 886 2042 Postquam
916 1981 1050 2029 enim
1078 1980 1326 2027 Futurum
1355 1980 1556 2042 linguae
1582 1980 1840 2028 invectum

261 2065 339 2111 est
350 2100 362 2123 ,
380 2064 571 2126 sibique
589 2065 889 2130 vindicavit,
908 2081 1031 2127 quas
1057 2066 1207 2112 antea
1223 2064 1402 2112 habuit
1418 2066 1584 2126 partes
1602 2063 1842 2113 Coniunc-

259 2148 422 2207 birrus,
483 2163 543 2196 ex
597 2163 654 2196 eo
705 2149 919 2197 confinia
970 2149 1232 2211 utriusque
1267 2149 1403 2196 modi
1435 2164 1555 2196 usus
1589 2148 1842 2196 interdum

260 2232 461 2294 quidem
504 2233 696 2281 incerta
740 2233 1056 2294 difficiliaque
1102 2233 1382 2281 constitutu
1427 2232 1725 2292 manebant,
1758 2233 1842 2280 sed

262 2317 482 2364 multum
527 2318 693 2376 abest,
740 2319 799 2364 ut
837 2332 1030 2379 semper
1064 2318 1143 2365 vel
1178 2317 1312 2364 hunc
1345 2316 1426 2364 vel
1458 2316 1604 2363 illum
1636 2316 1841 2364 modum

260 2416 350 2463 pro
396 2401 540 2450 libito
584 2402 815 2464 usurpari
857 2402 1071 2450 licuerit.
1122 2401 1203 2448 Ita
1248 2416 1322 2448 ex.
1369 2415 1440 2462 gr.
1493 2402 1840 2462 comparatum

260 2488 363 2546 est,
408 2489 469 2534 ut
513 2487 567 2534 in
611 2487 863 2546 formulis,
909 2487 1079 2549 quales
1124 2496 1266 2534 sunt:
1306 2488 1367 2533 τί
1391 2486 1566 2542 πάθω,
1601 2494 1693 2534 ποῖ
1719 2487 1842 2550 τρά-

260 2591 459 2633 πωμαι,
496 2574 556 2619 τί
582 2578 812 2637 γένωμαι
846 2572 1054 2631 similia,
1088 2571 1251 2636 prima
1281 2571 1477 2634 flagitet
1494 2586 1703 2633 persona
1718 2570 1842 2619 Con-

258 2658 540 2706 iunctivum
557 2694 568 2716 ‚
614 2660 674 2705 ut
721 2659 856 2706 recte
903 2657 998 2704 dici
1034 2656 1212 2719 possit:
1249 2657 1376 2720 πρὸς
1410 2658 1558 2711 τίνας
1592 2650 1682 2704 οὖν
1710 2657 1844 2704 ἔλθω

261 2744 510 2805 βοηθούς,
560 2745 587 2801 ἢ
630 2749 724 2790 ποῖ
750 2744 840 2801 τὴν
875 2744 1172 2806 καταφυγὴν
1205 2743 1472 2801 ποιήσεταί
1496 2759 1576 2797 τις
1609 2741 1781 2790 ἄλλοσε
1815 2744 1844 2800 ἢ

261 2843 307 2889 q.
327 2843 365 2875 S.
399 2827 506 2875 Hoc
541 2829 713 2874 autem
749 2827 895 2875 modo
929 2827 1120 2875 Futuro
1149 2827 1429 2874 consociare
1458 2826 1843 2875 Coniunctivum

260 2912 362 2959 iam
396 2927 497 2960 non
531 2911 726 2971 licebit,
765 2912 806 2959 si
841 2912 1051 2959 verbum
1069 2948 1080 2970 ,
1115 2911 1246 2973 quod
1281 2910 1605 2959 Coniunctivo
1643 2910 1844 2958 finitum

265 2997 367 3055 est,
405 2996 648 3044 secundae
677 2997 768 3043 aut
795 2996 979 3044 tertiae
1010 2997 1088 3044 est
1115 3009 1379 3057 personae,
1409 3010 1527 3042 nam
1556 2994 1650 3042 hae
1678 2994 1844 3055 postu-
