2014 3412
1034 294 1097 341 80

274 420 457 468 verbis:
506 414 636 478 ἦσαν
669 425 723 466 οἱ
755 418 1128 479 ἀφανιοῦντες,
1163 417 1295 479 quod
1328 418 1627 466 vocabulum
1661 417 1852 478 ἀφανι-

273 511 445 559 οῦντες
475 506 527 551 et
556 504 722 565 ipsum
752 518 978 551 summae
1011 502 1280 550 obnoxium
1297 503 1372 549 est
1391 502 1673 563 suspicioni.
1693 502 1854 558 Quare

273 603 378 636 voc.
424 587 765 647 ἀφανιοῦντες
809 602 836 634 6
881 578 1067 634 vicinia
1100 587 1359 633 invectum
1394 600 1526 645 esse,
1561 586 1854 648 scriptorem

274 673 443 718 autem
488 671 872 731 βεβαιώσοντες
918 675 1151 731 (quocum
1198 668 1256 715 cf.
1304 667 1428 727 §4l)
1477 669 1666 717 dedisse
1699 669 1854 730 suspi-

274 770 371 803 cor.
426 754 637 815 Reliqua
693 754 820 801 nulli
866 752 1152 800 difficultati
1196 752 1409 799 obnoxia
1455 755 1574 800 sunt
1590 788 1603 812 ‚
1650 753 1854 814 excepto

272 839 360 885 illo
394 846 742 896 καταστῆναι,
777 852 866 899 pro
901 853 999 898 quo
1034 843 1348 897 μεταστῆναι
1383 836 1752 884 rescribendum
1781 834 1853 885 vi-

274 923 434 970 detur.

337 1006 459 1066 §4L
497 1005 661 1064 ἐπειδὴ
695 1005 750 1054 δὲ
786 1007 1041 1055 ἐπαύσατο
1076 1007 1523 1068 βασανιζόμενος,
1558 1006 1725 1053 οὐκέτι
1760 1005 1855 1066 ἔφη

273 1110 334 1151 με
374 1093 562 1139 τούτων
606 1075 879 1155 εἰργάσθαι
924 1090 1074 1139 οὐδέν
1093 1128 1104 1149 ,
1150 1091 1278 1138 ἀλλά
1312 1093 1368 1138 τὸ
1404 1092 1686 1139 τελευταῖον
1719 1089 1853 1153 ἀπῴ-

274 1180 434 1236 μωξεν
480 1177 572 1235 ἐμέ
613 1195 662 1224 τε
712 1176 799 1223 καὶ
846 1176 1005 1223 αὐτὸν
1041 1176 1109 1231 ὡς
1143 1174 1334 1230 ἀδίκως
1369 1175 1758 1236 ἀπολλυμένους,
1794 1174 1855 1222 οὐ

275 1261 450 1323 χάριτι
487 1266 543 1321 τῇ
579 1260 670 1320 ἐμῇ
705 1290 764 1294 -
800 1266 904 1314 πῶς
939 1260 1059 1323 γάρ,
1095 1261 1153 1315 ὃς
1187 1278 1239 1324 γε
1275 1261 1629 1319 κατεψεύσατο,
1669 1286 1726 1292 —-
1746 1258 1852 1306 ἀλλ’

276 1346 701 1407 ἀναγκαζόμενος
750 1347 848 1391 υπὸ
899 1350 987 1392 τοῦ
1038 1344 1262 1402 ἀληθοῦς
1312 1344 1404 1392 καὶ
1453 1344 1691 1404 βεβαιῶν
1737 1342 1854 1397 τοὺς

275 1430 499 1492 πρώτους
543 1428 724 1492 λόγους
771 1429 840 1483 ὡς
884 1427 1091 1485 ἀληθεῖς
1135 1428 1438 1490 εἰρημένους.
1487 1427 1722 1475 Videmus
1755 1427 1853 1474 sin-

276 1514 394 1576 gula
436 1513 678 1574 temporis
701 1506 1002 1571 'momenta,
1048 1513 1226 1574 quibus
1271 1512 1446 1560 infelix
1479 1512 1565 1560 ille
1598 1511 1746 1560 homo
1779 1513 1863 1559 te·-

276 1597 515 1644 stimonia
545 1611 636 1643 sua
664 1596 857 1643 dixerat
872 1632 883 1654 ,
913 1596 976 1643 ab
995 1598 1191 1644 oratore
1209 1597 1283 1643 ita
1301 1596 1536 1654 indicari,
1554 1598 1614 1643 ut
1631 1595 1852 1657 primum

276 1682 465 1731 Verbis:
519 1686 714 1741 πρῶτον
763 1684 884 1741 μέν,
935 1682 1055 1744 πρὶν·
1096 1681 1175 1728 ἐπὶ
1219 1681 1310 1729 τὸν
1354 1681 1546 1744 τροχὸν
1582 1679 1852 1741 ἀναβῆναι

275 1765 399 1826 ἓ40.
437 1765 894 1823 circumscribatur,
929 1766 1147 1812 alterum
1181 1765 1428 1812 indicetur
1460 1780 1571 1826 per:
1603 1763 1766 1823 ἐπειδὴ
1795 1763 1851 1812 δὲ

277 1852 355 1899 ἐπὶ
389 1851 477 1898 τὸν
511 1851 703 1913 τροχὸν
732 1850 923 1911 ἀνέβη,
955 1850 1165 1897 tertium
1195 1864 1327 1897 nunc
1361 1849 1645 1911 designetur
1661 1850 1850 1898 verbis:

275 1935 438 1993 ἐπειδὴ
472 1932 528 1983 δὲ
564 1935 817 1983 ἐπαύσατο
851 1936 1289 1995 βασανιζόμενος.
1325 1935 1421 1992 At,
1455 1949 1571 1982 cum
1597 1934 1699 1981 iam
1725 1934 1852 1981 illud

275 2027 467 2084 πρῶτον
513 2027 610 2079 μέν
653 2020 821 2081 aliqua
863 2035 923 2067 ex
967 2023 1113 2081 parte
1147 2018 1412 2080 suspicioni
1446 2018 1727 2066 obnoxium·
1749 2033 1853 2067 esse

274 2105 453 2167 possit,
487 2104 618 2166 quod
653 2106 705 2151 et
733 2104 956 2151 abundat
991 2106 1042 2151 et
1077 2119 1107 2149 a
1140 2103 1303 2151 codice
1335 2101 1379 2148 A
1408 2103 1574 2158 abest,
1604 2102 1751 2164 plane
1776 2103 1851 2149 in-

273 2188 556 2236 tolerabilia
608 2188 737 2234 fiunt
788 2187 940 2235 verba
955 2224 966 2246 ,
1017 2201 1145 2248 quae
1197 2186 1314 2232 huic
1363 2186 1540 2234 tertio:
1590 2184 1756 2244 ἐπειδὴ
1789 2214 1850 2221 -

275 2274 692 2335 βασανιζόμενος
739 2271 961 2319 subiecta
996 2272 1140 2329 sunt,
1176 2270 1277 2317 scil.
1317 2269 1444 2316 ἀλλά
1476 2270 1535 2317 τὸ
1568 2271 1852 2320 τελευταῖον

274 2373 321 2419 q.
362 2372 419 2415 s.,
467 2357 508 2403 si
554 2356 617 2402 ad
650 2357 849 2416 tempus
883 2353 1195 2412 referuntur,
1230 2354 1362 2414 quod
1394 2354 1495 2401 illis
1529 2356 1691 2403 verbis
1725 2356 1850 2403 indi-

275 2443 432 2489 catur.
475 2439 608 2487 Nam
651 2439 798 2486 homo
843 2438 928 2486 ille
974 2439 1138 2485 tortus
1155 2474 1166 2495 ,
1209 2452 1323 2484 cum
1368 2439 1564 2485 tortura
1609 2439 1850 2487 liberatus

274 2523 522 2571 nihildum
569 2522 749 2569 dixerit
764 2560 775 2577 ‚
822 2536 984 2583 neque
1019 2523 1077 2569 τὸ
1112 2521 1397 2569 τελευταῖον
1430 2522 1703 2584 quidquam
1738 2538 1849 2585 pro-

274 2608 451 2655 tulisse
485 2621 601 2654 vere
635 2605 882 2667 perhiberi
917 2607 1096 2667 potest.
1132 2606 1240 2653 Hoc
1267 2605 1420 2652 fuerit
1436 2641 1447 2663 ,
1465 2621 1553 2653 cur
1568 2606 1601 2653 J
1603 2607 1847 2655 ernstedt·

270 2692 352 2738 ius
397 2705 486 2751 pro
533 2689 610 2735 his
644 2689 806 2737 verbis
842 2690 1057 2751 speciose
1093 2691 1227 2737 certe
1259 2689 1545 2736 coniecerit:
1584 2690 1687 2737 ἀλλ’
1725 2691 1851 2739 αὐτὸ

275 2775 607 2831 τούναντίον,
668 2788 821 2833 quam
870 2775 1043 2820 tamen
1096 2773 1433 2820 coniecturam
1484 2774 1699 2835 recipere
1746 2789 1848 2822 non

275 2860 499 2907 audeam.
536 2855 662 2912 Quid
695 2856 828 2903 enim
863 2857 980 2904 fecit
1013 2858 1071 2903 τὸ
1099 2856 1415 2904 τελευταῖονῖ
1444 2857 1749 2905 lamentatus
1773 2860 1850 2906 est

274 2958 418 2991 reum
465 2954 613 3002 seque
655 2939 843 3001 ipsum,
890 2940 1312 3005 ἀναγκαζόμενος
1357 2941 1452 2987 ὑπὸ
1496 2946 1583 2989 τοῦ
1626 2942 1848 3000 ἀληθοῦς
