2014 3412
1029 315 1091 364 82

271 442 323 488 et
354 439 408 487 in
441 440 549 501 ipsa
582 439 904 502 navigatione
936 454 1129 502 semper
1163 440 1350 489 circum
1385 456 1465 489 me
1498 441 1665 490 fuerit.
1700 442 1848 491 Hunc

269 526 329 571 ut
373 525 568 572 assidue
610 524 823 572 adfuisse
858 524 1056 572 doceret
1073 562 1084 583 ‚
1120 527 1290 573 orator
1324 540 1412 587 per
1445 526 1655 588 figuram
1671 563 1685 583 ,
1719 542 1847 589 quae

269 610 420 672 vulgo
466 608 764 658 ἑνδιαδυοῐν
809 610 1116 672 appellatur,
1160 610 1414 671 copulavit
1459 611 1635 659 verba:
1672 611 1848 675 παρὼν

262 696 353 742 καὶ
401 697 581 744 συνών.
627 695 687 742 Ι11
731 695 826 743 tali
869 697 1041 743 autem
1087 694 1461 754 coniunctione,
1506 695 1593 743 ubi
1631 695 1729 744 duo
1764 697 1848 744 ad-

260 782 379 827 sunt
424 781 575 828 verba
620 781 683 827 ad
728 795 1045 828 communem
1063 817 1075 839 ,
1121 772 1251 841 quae
1292 781 1352 828 iis
1397 780 1555 840 inest,
1587 781 1846 829 notionem

259 864 674 912 corroborandam
689 901 701 923 ‚
750 863 922 912 Graeci
969 879 1071 911 non
1104 864 1379 926 simplicem
1417 864 1656 912 adhibent
1689 865 1844 927 parti-

260 949 425 996 culam
474 951 592 1008 καί,
644 949 752 1008 sed,
805 963 903 1010 quo
956 948 1116 996 artius
1166 949 1385 997 eiusdem
1431 949 1648 997 notionis
1693 949 1847 998 verba

258 1034 392 1081 inter
426 1048 477 1081 se
511 1033 832 1095 colligentur:
870 1032 1094 1081 τὲ-καί,
1131 1033 1211 1081 Ita
1244 1036 1296 1082 et
1330 1034 1422 1082 hoc
1453 1034 1560 1082 loco
1596 1037 1845 1096 exspecta-

262 1133 375 1166 mus
423 1118 529 1166 fore
573 1119 635 1165 ut
679 1118 881 1179 utrique
921 1118 1123 1179 quidem
1169 1118 1416 1166 membro:
1453 1119 1482 1166 ὁ
1519 1120 1574 1166 ἐν
1606 1123 1675 1182 τῷ
1708 1119 1846 1183 αὐτῷ

262 1204 416 1266 πλοίῳ
449 1202 608 1251 πλέων
642 1205 694 1251 et
728 1203 902 1266 παρὼν
936 1201 1024 1250 διοὲ
1058 1204 1232 1258 τέλους
1267 1204 1358 1251 καὶ
1392 1205 1560 1253 συνών
1586 1205 1847 1266 μοιὶῐιΐῑθϊ-
1911 1252 1914 1255 .

262 1289 427 1351 posita
462 1289 529 1336 sit
558 1288 840 1336 coniunctio
870 1289 985 1348 καί,
1015 1289 1221 1337 alterius
1249 1291 1421 1338 autem
1440 1291 1651 1337 membri
1669 1291 1844 1339 verba:

262 1381 438 1437 παρών
466 1376 519 1422 et
547 1375 715 1422 συνών
740 1374 873 1421 inter
901 1389 952 1422 se
978 1375 1329 1436 coagmentata
1354 1374 1456 1421 sint
1473 1375 1819 1424 coniunctione
1833 1412 1846 1435 ‚

260 1476 360 1522 qua
392 1460 585 1507 firmius
619 1459 745 1530 nihil
772 1473 876 1507 esse
902 1460 1094 1520 potest,
1125 1459 1226 1506 scil.
1257 1456 1481 1506 τὲ-κᾱί,
1500 1459 1664 1507 Habes
1682 1474 1846 1508 exem-

260 1545 400 1606 plum
442 1544 638 1592 Platon.
677 1543 845 1606 Symp.
882 1558 993 1605 pag.
1035 1542 1169 1591 19512:
1205 1543 1332 1602 μετά
1366 1542 1421 1591 δὲ
1457 1549 1586 1592 νέων
1620 1543 1699 1593 ἀεὶ
1732 1542 1865 1601 ξύν-ἕ

259 1631 373 1678 εστί
408 1649 457 1677 τε
502 1629 592 1676 καὶ
638 1629 793 1676 ἔστιν.
830 1627 1112 1682 Secundum
1147 1628 1268 1676 haec
1301 1631 1353 1677 et
1385 1630 1555 1677 nostro
1590 1629 1698 1677 loco
1727 1629 1843 1677 scri-

257 1715 477 1763 bendum
508 1715 628 1762 erit:
659 1716 833 1778 παρών
858 1720 974 1764 (τε)
1003 1711 1095 1760 ὃιοὲ
1111 1713 1283 1768 τέλους
1301 1715 1391 1762 καὶ
1410 1715 1578 1762 συνών
1592 1731 1711 1776 μοι,
1731 1714 1841 1774 vel,

258 1800 390 1862 quod
407 1815 563 1862 aeque
580 1800 759 1861 placet,
777 1798 938 1847 πλέων
956 1802 1070 1850 (τε)
1088 1814 1134 1860 q.
1156 1813 1192 1845 s.
1213 1798 1398 1846 Eodem
1415 1799 1562 1860 plane
1577 1798 1723 1846 modo
1736 1813 1840 1846 cor-

257 1885 520 1947 rigendum
549 1886 688 1946 puto,
705 1883 965 1931 inserenda
981 1885 1110 1946 part.
1131 1902 1197 1942 τε,
1216 1883 1469 1930 Plutarch.
1489 1883 1549 1930 de
1567 1882 1630 1929 Is.
1650 1883 1704 1930 et
1719 1881 1843 1930 Osir.

259 1985 370 2032 pag.
386 1969 512 2016 352³:
533 1971 646 2033 παρ’
665 1969 790 2030 αὐτῇ
809 1969 900 2016 καὶ
916 1968 1022 2030 μετ’
1043 1969 1197 2027 αὐτῆς
1217 1968 1341 2016 ὄντα
1358 1975 1474 2026 (τε)
1489 1968 1580 2015 καὶ
1598 1969 1843 2026 συνόντα,

258 2055 345 2102 ubi
379 2073 428 2102 τε
461 2056 573 2116 post
613 2054 779 2115 (ὄν)τα
815 2068 903 2116 per
937 2053 1348 2115 haplographiam
1383 2053 1577 2101 excidit.
1609 2051 1841 2101 Conferas

258 2139 462 2187 omnino
497 2139 557 2186 de
591 2139 772 2185 harum
806 2138 1166 2200 particularum
1196 2154 1290 2185 usu
1318 2138 1518 2186 doctam
1546 2137 1841 2199 disputatio-

258 2240 375 2272 nem
393 2224 564 2271 Fuhrii
582 2223 707 2270 Mus.
729 2223 883 2271 Rhen.
905 2222 1125 2270 XXXIII
1144 2222 1385 2279 „Excurse
1397 2239 1458 2270 zu
1471 2223 1564 2270 den
1577 2221 1840 2270 Attischen

258 2309 519 2356 Rednern''
555 2323 693 2355 num.
732 2307 758 2357 7
795 2322 905 2369 pag.
946 2306 1216 2357 577—591.
1774 2305 1780 2309 ”

324 2393 446 2453 ἓ43.
498 2394 671 2441 καίτοι
715 2392 774 2440 τὸ
817 2392 956 2446 εἰκὸς
1003 2393 1291 2453 σύμμαχόν
1334 2394 1436 2454 μοι’
1471 2391 1626 2440 ἐστιν.
1672 2391 1731 2438 Ι11
1762 2391 1839 2438 his

258 2480 420 2527 verbis
465 2480 596 2526 male
643 2494 725 2526 me
768 2493 963 2540 semper
1006 2478 1184 2526 habuit
1227 2478 1475 2540 habetque
1519 2477 1671 2525 etiam
1705 2491 1841 2524 nunc

258 2564 507 2625 particula
541 2563 726 2611 καίτοι.
763 2562 941 2610 Orator
974 2563 1131 2621 enim,
1165 2564 1432 2623 postquam
1450 2560 1837 2618 demonstravit,

257 2663 341 2706 ea,
386 2663 515 2709 quae
558 2650 715 2696 testes
751 2647 1043 2703 edixissent,
1079 2646 1238 2709 magis
1271 2661 1360 2708 pro
1396 2661 1447 2694 se
1479 2646 1676 2707 prolata
1709 2659 1838 2707 esse,

257 2747 409 2794 quam
455 2734 630 2780 contra
664 2747 741 2790 se,
775 2746 910 2778 nunc
943 2731 1123 2787 adicit,
1159 2731 1315 2779 etiam
1349 2731 1677 2791 argumenta,
1710 2745 1839 2791 quae

257 2832 284 2864 e
334 2817 687 2878 probabilitate
738 2816 841 2878 peti
890 2816 1083 2877 possint
1098 2854 1110 2871 ‚
1161 2831 1191 2862 a
1237 2830 1328 2862 sua
1372 2817 1516 2876 parte
1562 2815 1707 2862 stare.
1745 2814 1839 2863 Sed

258 2901 382 2947 talia
424 2917 525 2950 non
570 2902 778 2964 possunt
811 2900 1044 2962 coniungi
1079 2915 1167 2961 per
1199 2899 1501 2962 particulam
1537 2898 1705 2947 καίτοι
1741 2899 1773 2946 1.
1793 2913 1834 2947 e.

255 3000 562 3047 quamquam
578 3024 590 3046 ,
633 3002 734 3048 qua
777 2986 847 3033 eis
863 3021 875 3044 ,
920 2999 1047 3045 quae
1081 2984 1371 3046 praeierunt
1407 2983 1594 3045 aliquid
1630 2983 1834 3045 opponi-
