2014 3412
1015 302 1076 351 74

259 427 320 475 οὐ
353 425 507 486 δήπου
544 456 604 462 ——
640 426 811 484 εἰδώς,
847 429 1131 489 iustamque
1166 443 1224 476 ea
1258 428 1526 478 admittere
1556 431 1841 493 explicatio-

259 527 376 560 nem
392 549 403 570 ,
456 514 628 560 tamen
642 549 653 570 ,
692 513 956 560 recordans
1003 527 1147 574 saepe
1181 513 1234 559 in
1267 513 1591 575 Antiphontis
1620 516 1843 578 reliquiis

258 611 373 643 cum
408 597 530 643 alias
566 597 767 645 voculas
783 633 794 655 ,
829 599 941 643 tum
975 597 1238 658 praecipue
1272 598 1507 647 excidisse
1543 601 1841 661 particulam

257 679 350 740 ἄν,
384 682 436 729 et
468 681 515 728 h.
535 681 567 728 1.
604 683 858 743 praestare
891 685 1090 743 putem:
1129 682 1482 743 ἔπεμπον<ἂν>
1517 683 1678 741 εἰδώς.

321 767 349 824 ἓ
386 764 459 812 25.
513 770 710 829 πρῶτον
759 764 858 826 μὲν
906 767 1003 831 γάρ
1048 767 1169 831 πρὶν
1213 767 1513 832 ἀνάγεσθαί
1546 789 1610 831 με
1639 770 1712 825 εἰς
1747 772 1839 830 τὴν

254 847 441 906 Αἶνον,
496 850 577 898 ὅτε
629 847 690 910 ἦν
740 850 946 910 ἀφανὴς
997 853 1024 900 ὁ
1075 852 1229 915 ἀνὴρ,
1278 852 1442 909 οὐδεὶς
1487 855 1734 918 ᾐτιάσατό
1777 874 1839 917 με

257 934 567 998 ἀνθρώπων,
617 934 707 994 ἤδη
750 941 1080 997 πεπυσμένων
1128 940 1318 987 τούτων
1362 942 1449 998 τὴν
1486 939 1742 1004 ἀγγελίαν·
1779 935 1858 990 ov,-

257 1019 354 1083 γάρ
387 1019 453 1066 ἄν
490 1037 601 1068 ποτε
635 1021 850 1083 ᾠχόμην
885 1023 1051 1070 πλέων.
1090 1022 1221 1071 Scire
1256 1025 1524 1085 pervelim,
1561 1025 1680 1086 quid
1713 1025 1836 1074 Her-

257 1104 545 1151 werdenum
592 1105 876 1167 impulerit,
923 1108 982 1153 ut
1010 1107 1082 1162 εἰς
1123 1109 1206 1166 τὴν
1239 1106 1405 1156 Αἶνον
1437 1110 1701 1170 tamquam
1735 1124 1836 1158 em-

257 1188 423 1235 blema
457 1188 668 1248 deleret,
703 1205 816 1237 cum
850 1193 1023 1239 tamen
1055 1192 1148 1240 hoc
1175 1193 1473 1240 vocabulum
1501 1194 1553 1240 et
1579 1193 1705 1241 bene
1721 1207 1836 1242 con-

256 1272 430 1320 veniat
458 1272 786 1335 Antiphontis
815 1275 924 1322 fuse
941 1276 1135 1324 dicendi
1154 1277 1365 1335 rationi,
1384 1292 1545 1339 neque
1563 1277 1837 1339 quidquam

257 1356 538 1404 offensionis
567 1358 815 1418 praebeat.
847 1359 969 1406 Mihi
995 1361 1163 1421 potius
1183 1362 1442 1422 sequentia
1459 1362 1539 1410 ὃτε
1557 1358 1617 1421 ἦν
1634 1361 1839 1422 ἀφανὴς

258 1440 285 1487 ὁ
319 1439 445 1504 ἁνήρ
480 1440 827 1505 difficultatem
861 1443 994 1491 alere
1028 1444 1287 1504 videntur,
1321 1446 1452 1507 quod
1485 1449 1710 1508 tempus,
1738 1461 1837 1508 quo

259 1539 408 1580 nemo
455 1540 561 1572 sese
607 1527 939 1586 accusaverit,
973 1530 1143 1576 orator
1177 1529 1298 1576 satis
1334 1529 1614 1592 designavit
1647 1531 1835 1579 verbis:

257 1609 377 1670 πρὶν
410 1608 711 1673 ἀνάγεσθαί
737 1630 800 1669 με
832 1613 908 1666 εἰς
941 1614 1029 1670 τὴν
1061 1610 1254 1671 Αἶνον,
1289 1613 1363 1660 ita
1397 1616 1458 1661 ut
1492 1629 1654 1676 seqq:
1684 1615 1765 1663 ὅτε
1779 1610 1841 1675 ἦν

256 1694 460 1755 ἀφανὴς
503 1695 531 1742 ὁ
572 1694 700 1758 ἀνὴρ
744 1696 891 1756 plane
937 1697 1217 1756 abundent,
1253 1701 1305 1745 et
1338 1699 1539 1759 quidem
1570 1699 1645 1746 ita
1681 1700 1837 1747 abun-

255 1779 402 1838 dent,
447 1781 507 1827 ut
551 1779 600 1826 id
642 1782 846 1827 tantum
893 1781 1099 1840 dicant,
1133 1782 1264 1843 quod
1312 1783 1459 1830 aliter
1493 1783 1600 1830 fieri
1634 1785 1836 1834 omnino

255 1878 355 1910 non
407 1864 645 1924 potuerit.
698 1864 953 1920 Quomodo
1003 1866 1137 1912 enim
1186 1880 1302 1913 reus
1347 1881 1404 1914 eo
1452 1869 1702 1929 tempore,
1724 1883 1834 1930 quo

253 1947 475 1995 Herodes
507 1948 702 2010 integer
731 1948 928 2007 aderat,
956 1950 1088 1997 hunc
1110 1965 1312 1998 necasse
1331 1952 1552 1998 accusari
1569 1951 1834 2013 potuerat&

255 2031 425 2093 Apage
459 2032 586 2078 talia
619 2032 878 2093 pueriliter
911 2033 1096 2081 addita.

318 2115 479 2163 Nemo
515 2116 671 2177 igitur
705 2116 1100 2164 adversariorum
1134 2119 1386 2167 accusavit
1412 2134 1556 2166 reum
1578 2121 1691 2167 tum
1707 2122 1834 2168 tem-

253 2199 405 2260 poris,
452 2200 548 2246 etsi
592 2200 693 2245 iam
739 2203 1030 2261 acceperant
1075 2203 1324 2249 nuntium.
1372 2203 1609 2257 Quisnam
1643 2206 1718 2252 est
1750 2205 1834 2253 ille

253 2283 463 2330 nuntius
479 2321 490 2342 ,
525 2283 611 2344 qui
638 2283 791 2330 nullis
825 2284 1040 2345 amplius
1069 2285 1252 2332 additis
1280 2288 1339 2334 ut
1357 2288 1588 2334 omnibus
1607 2289 1834 2350 cognitus

253 2367 580 2428 proponitur‘l
619 2366 779 2414 Semel
818 2369 1022 2414 tantum
1053 2369 1105 2414 in
1136 2369 1204 2415 eis
1221 2405 1232 2427 ,
1263 2385 1390 2430 quae
1420 2372 1834 2433 praegrediuntur

252 2450 312 2498 de
346 2450 439 2497 hoc
471 2451 652 2497 nuntio
690 2466 850 2498 sermo
886 2453 988 2510 est,
1025 2452 1126 2498 scil.
1163 2453 1253 2500 sub
1287 2453 1435 2500 finem
1471 2455 1602 2514 §231
1640 2457 1730 2503 καὶ
1757 2458 1832 2511 εἴς

252 2553 306 2599 γε
340 2537 427 2591 τὴν
462 2535 759 2594 Μυτιλήνην
796 2536 893 2600 ἐγὼ
922 2539 1092 2592 αἴτιος
1123 2534 1151 2597 ἦ
1175 2543 1470 2599 πεμφθῆναι
1489 2540 1721 2604 ἄγγελον,
1739 2543 1832 2590 καὶ

252 2626 307 2681 τῇ
345 2622 435 2681 ἐμῇ
471 2622 645 2685 γνώμῃ
681 2623 935 2681 ἐπέμπετο·
973 2622 1066 2670 Sed
1100 2625 1280 2671 neutro
1315 2624 1446 2683 loco,
1476 2625 1606 2691 quid·
1624 2626 1832 2673 nuntius

254 2705 533 2763 attulisset,
569 2705 758 2752 dictum
794 2708 884 2753 est.

316 2788 596 2850 Utramque
626 2790 748 2836 mihi
777 2791 947 2838 videor
965 2792 1309 2840 difficultatem
1327 2807 1582 2840 removere
1599 2793 1830 2855 legendo:

253 2879 449 2936 πρῶτον
498 2874 598 2935 μὲν
649 2875 746 2938 γάρ
796 2877 914 2938 πρὶν
960 2871 1256 2941 ἀνάγεσθαί
1294 2897 1358 2940 με
1403 2877 1476 2932 εἰς
1522 2879 1610 2936 τὴν
1644 2875 1831 2935 Αἶνον,

255 2957 421 3012 οὐδεὶς
455 2959 700 3020 ᾐτιάσατό
733 2979 796 3020 με
830 2960 1137 3023 ἀνθρώπων,
1174 2961 1264 3020 ἤδη
1293 2966 1617 3022 πεπυσμένων
1645 2964 1832 3011 τούτων
