2014 3412
739 840 1179 911 PRAEFATIO.

231 1112 548 1177 Singularem
576 1113 711 1162 inter
738 1115 1000 1162 oratorum
1023 1127 1319 1176 graecorum
1336 1113 1573 1175 reliquias
1595 1114 1762 1162 locum

167 1198 402 1248 obtinent
429 1198 759 1262 Antiphontis
788 1198 1090 1246 Rhamnusii
1115 1199 1418 1261 quindecim,
1436 1200 1524 1261 qui
1543 1201 1767 1248 aetatem

166 1285 402 1334 tulerunt
419 1322 431 1345 ,
448 1284 596 1349 λόγοι
616 1283 931 1345 δικαστικοί,
951 1299 1082 1348 quae
1099 1284 1352 1332 orationes
1371 1285 1506 1333 inter
1523 1285 1770 1347 antiquis-

168 1370 299 1419 sima
342 1371 531 1420 atticae
578 1371 897 1434 eloquentiae
933 1373 1267 1419 monumenta
1307 1373 1427 1419 sunt
1464 1370 1768 1420 referendae.

233 1457 539 1506 Praesertim
584 1460 759 1506 autem
792 1458 1161 1521 philologorum
1198 1473 1340 1506 curas
1370 1443 1771 1506 ‘stimulaverunt

166 1543 271 1592 trae
314 1543 433 1592 illae
466 1543 770 1607 tetralogiae
785 1581 796 1603 ,
830 1545 891 1591 ut
926 1544 1076 1606 vulgo
1114 1544 1435 1606 appellantur
1450 1580 1461 1600 ,
1499 1545 1771 1605 quaternas

168 1629 485 1678 continentes
519 1630 774 1678 orationes
787 1667 799 1686 ‚
839 1645 1055 1692 quarum
1090 1629 1239 1677 binae
1276 1628 1554 1677 accusatori
1588 1643 1772 1690 reoque

167 1713 246 1763 ita
277 1714 578 1763 tribuuntur
592 1752 604 1774 ,
637 1717 699 1763 ut
732 1715 882 1763 huius
915 1714 1136 1763 defensio
1165 1730 1360 1777 semper
1389 1715 1600 1763 alterius
1629 1729 1773 1763 accu-

167 1799 417 1849 sationem
431 1837 444 1860 ,
478 1815 634 1864 quam
667 1800 868 1849 refellat
882 1839 893 1861 ‚
925 1801 1274 1863 subsequatur.
1306 1800 1371 1847 Et
1399 1815 1575 1849 revera
1589 1837 1600 1859 ,
1630 1801 1671 1847 si
1698 1816 1772 1849 re-

166 1885 404 1935 centioris
433 1886 751 1949 eloquentiae
781 1887 1101 1945 documenta,
1132 1892 1233 1935 τῶν
1265 1892 1464 1949 τεχνῶν
1493 1886 1773 1949 ῥητορικῶν

168 1971 387 2021 colorem
421 1971 652 2020 fucatum
689 1987 808 2035 prae
842 1987 894 2021 se
929 1971 1171 2032 ferentia,
1208 1972 1394 2021 eximes
1413 2009 1424 2031 ‚
1459 1972 1593 2019 haud
1627 1971 1773 2020 facile

167 2055 319 2104 huius
354 2057 645 2106 orationum
673 2057 987 2105 iudicialium
1014 2058 1208 2120 generis
1238 2057 1523 2120 exemplum
1553 2056 1771 2106 alterum

165 2142 398 2205 reperies.
446 2142 572 2191 Cum
618 2143 712 2192 hoc
758 2158 848 2192 nos
894 2143 999 2190 iam
1042 2144 1364 2206 aliquantum
1401 2143 1554 2191 miros
1590 2144 1773 2192 habere

166 2228 355 2292 possit,
401 2228 565 2278 multo
611 2231 788 2278 tamen
835 2229 1040 2278 maioris
1081 2230 1328 2278 momenti
1363 2231 1464 2288 est,
1500 2229 1632 2291 quod
1668 2245 1774 2278 ora-

166 2313 426 2363 tiunculae
468 2314 586 2363 illae
634 2315 1034 2377 quadripertitae
1081 2315 1161 2363 hic
1202 2315 1306 2363 illic
1338 2315 1538 2378 longius
1574 2331 1605 2362 a
1637 2318 1778 2363 recta

167 2398 386 2449 dictione
420 2400 649 2449 recedere
684 2400 936 2448 videntur.
973 2400 1163 2459 Quare,
1198 2403 1258 2448 ut
1293 2402 1498 2462 patrum
1534 2400 1636 2447 iam
1673 2416 1776 2448 me-

168 2485 331 2535 moria
364 2501 396 2534 a
430 2486 606 2535 multis
643 2486 844 2549 spuriae
874 2486 1194 2534 habebantur
1224 2485 1304 2547 (cf.
1336 2501 1376 2533 e.
1411 2501 1457 2548 g.
1477 2485 1554 2533 Jo.
1574 2486 1777 2534 Jonsius

173 2571 264 2630 „de
307 2572 633 2636 scriptoribus
680 2572 920 2620 historiae
967 2571 1372 2634 philosophicae”
1419 2586 1531 2634 pag.
1583 2571 1675 2618 325
1724 2574 1776 2619 et

168 2659 346 2706 contra
379 2673 498 2706 eum
531 2658 667 2706 Petr.
706 2673 807 2706 van
840 2657 1005 2720 Spaan
1034 2658 1087 2705 in
1117 2657 1471 2705 dissertatione
1502 2673 1594 2704 sua
1620 2657 1775 2705 histo-

169 2743 274 2792 rica
311 2744 400 2802 „de
434 2744 751 2806 Antiphonte
786 2746 986 2792 oratore
1013 2742 1202 2792 attico''
1234 2758 1339 2805 cap.
1368 2742 1470 2802 ΙΙΙ,
1499 2743 1689 2791 inserta
1717 2758 1776 2791 ea

169 2828 361 2878 Reiskii
393 2831 681 2887 „oratorum
710 2827 1035 2892 graecorum''
1065 2829 1161 2877 vol.
1196 2827 1320 2887 VII,
1350 2843 1461 2891 pag.
1489 2828 1580 2878 795
1601 2830 1774 2890 seqq),

170 2914 246 2964 ita
279 2916 452 2965 nostro
486 2929 686 2977 quoque
720 2915 949 2977 tempore
983 2914 1284 2976 tetralogiae
1322 2913 1594 2961 admodum
1621 2913 1774 2962 bilem

171 3002 380 3050 movent
427 2999 714 3048 hominibus
759 2999 1024 3062 philologis
1039 3036 1051 3059 ,
1100 3002 1161 3047 ut
1204 3001 1296 3047 aut
1345 2998 1534 3046 oratori
1569 2999 1774 3047 omnino

1559 3083 1577 3115 1
