2014 3412
1014 310 1074 358 70

310 433 497 495 Ecquid
554 435 708 481 etiam
763 435 815 481 in
861 434 1183 496 sequentibus
1198 470 1210 491 ‚
1255 434 1431 482 deletis
1475 435 1663 482 verbis:
1710 435 1828 491 τοὺς

247 518 495 578 ἐμαυτοῦ,
541 519 771 566 mutandi
817 521 936 566 sunt
971 519 1152 567 dativi:
1190 519 1389 574 τούτοις
1424 522 1476 567 et
1514 520 1632 579 ἐμοί
1661 520 1714 567 111
1749 534 1826 568 ac-

246 603 518 651 cusativos:
555 604 763 658 τούτους
797 605 850 651 et
885 604 979 664 ἐμέ
987 604 1004 650 (ἔ
1473 666 1475 669 ⁴

312 687 434 753 ἓᾘ.
469 690 495 745 ἡ
529 687 626 747 μὲν
661 691 917 751 πρόφασις
955 689 1172 752 ἑκατέρῳ
1205 695 1293 737 τοῦ
1328 689 1448 738 πλοῦ
1485 689 1623 747 αὕτη·
1655 690 1828 751 ἐτύχο-

246 788 341 831 μεν
376 770 429 818 δὲ
464 776 693 834 χειμῶνι’
724 790 827 821 τινι
860 774 1208 836 χρησάμενοι,
1243 773 1330 834 ὑφ’
1358 767 1415 822 οὗ
1433 774 1827 838 ἠναγκάσθημεν

247 865 537 919 κατασχεῖν
565 877 637 914 εις
661 868 750 918 τῆς
780 862 1145 919 Μηθυμναίας
1173 880 1224 907 τι
1253 862 1475 923 χωρίον,
1503 853 1561 908 οὗ
1578 861 1636 908 τὸ
1654 861 1830 908 πλοῖον

247 943 399 1006 ὥρμει
449 950 592 992 τοῦτο
627 945 701 999 εἰς
735 945 762 992 ὃ
795 945 1118 1005 μετεκβάντα
1154 947 1319 1004 φασὶν
1355 944 1640 993 οέποθανεῖν
1673 927 1830 994 αὐτόν

248 1029 355 1088 [τὸν
409 1026 676 1091 εΗρῴὸην]
721 1028 999 1077 Praeeunte
1043 1029 1240 1077 Reiskio
1257 1066 1268 1088 ‚
1312 1031 1398 1091 qui
1445 1030 1681 1089 adnotat,
1738 1031 1830 1077 aut

248 1112 511 1159 delendum
542 1127 647 1161 esse
674 1114 765 1160 τὸν
794 1111 1048 1176 εΗρῴδην,
1075 1115 1166 1160 aut
1194 1113 1494 1161 vocabulum
1523 1114 1679 1162 αὐτόν
1697 1128 1828 1162 00111-

249 1197 550 1244 mutandum
595 1213 735 1245 cum:
776 1191 941 1257 οὗτοι,
977 1201 1241 1259 sequentes
1276 1198 1487 1246 editores
1521 1214 1706 1247 nomen
1740 1199 1831 1248 τὸν

250 1281 474 1344 Ἡρῴδην
511 1284 689 1344 utpote
724 1284 972 1331 emblema
1007 1298 1033 1330 e
1069 1284 1215 1330 textu
1249 1285 1586 1331 removerunt.
1623 1283 1688 1331 Et
1722 1284 1830 1332 iure

249 1366 451 1426 quidem
498 1382 586 1414 suo
631 1367 682 1413 id
726 1367 890 1415 facere
935 1369 1237 1429 potuerunt,
1286 1382 1399 1414 cum
1446 1367 1732 1415 incredibile
1764 1369 1832 1416 sit

249 1451 387 1497 dictu
404 1486 415 1508 ‚
450 1465 601 1511 quam
638 1466 782 1512 saepe
815 1452 940 1498 talia
974 1451 1322 1498 additamenta
1356 1466 1382 1499 e
1417 1451 1600 1499 scholio
1629 1453 1752 1498 nata
1777 1452 1830 1499 in

248 1536 448 1583 textum
487 1535 799 1596 inrepserint.
849 1536 1163 1596 Quamquam
1207 1535 1270 1582 ad
1302 1535 1351 1581 id
1387 1535 1831 1583 demonstrandum

250 1619 468 1665 Blassius
504 1634 604 1666 non
640 1619 813 1667 debuit
848 1619 1069 1667 conferre
1099 1618 1206 1679 §77
1235 1620 1412 1667 verba:
1443 1625 1510 1681 τῷ
1539 1621 1641 1682 ἐμῷ
1660 1621 1830 1684 πατρί,

251 1718 403 1764 quae,
446 1703 563 1750 licet
607 1718 638 1749 a
686 1703 908 1751 Dobraeo
954 1706 1006 1751 et
1053 1704 1385 1752 Herwerdeno
1431 1705 1693 1753 deleantur
1709 1742 1720 1764 ,
1766 1706 1830 1754 ab

251 1787 360 1834 aliis
389 1787 507 1835 viris
537 1788 696 1835 doctis
712 1825 723 1846 ,
753 1788 900 1835 aliter
916 1789 1023 1836 loco
1042 1789 1354 1836 medentibus
1370 1826 1381 1848 ‚
1399 1791 1678 1837 servantur.
1707 1789 1830 1838 Rec-

250 1872 378 1929 tius,
423 1872 464 1918 si
509 1871 628 1932 quid
674 1872 835 1919 sentio
851 1908 862 1930 ,
899 1872 1064 1919 afferri
1098 1874 1298 1934 poterat
1331 1887 1436 1921 voc.
1472 1865 1609 1931 οὗτοι
1626 1909 1638 1931 ,
1671 1873 1830 1934 quod,

251 1971 338 2017 pro
384 1957 542 2004 αὐτόν
590 1956 836 2016 positum,
885 1972 983 2018 quo
1030 1957 1215 2018 legitur
1257 1957 1366 2005 1000
1410 1958 1658 2020 displicet;
1704 1957 1830 2005 adde

252 2041 384 2100 quod
431 2041 557 2087 illud
606 2040 768 2101 φασίν
813 2043 865 2087 et
907 2041 1091 2088 similia
1134 2041 1274 2088 nullo
1312 2041 1481 2089 addito
1516 2041 1737 2090 subiecto
1771 2041 1832 2089 de

253 2125 545 2173 adversariis
575 2126 669 2172 dici
698 2126 886 2182 solent,
916 2125 992 2172 ita
1019 2127 1077 2172 ut
1100 2125 1280 2172 inutile
1300 2125 1366 2172 sit
1382 2140 1655 2187 pronomen
1673 2118 1831 2183 οὗτοι,

254 2208 315 2255 cf.
363 2210 390 2268 ἓ
421 2209 505 2255 2οτ
542 2209 602 2257 ὅν
637 2226 801 2269 φασιν
834 2209 916 2257 ’ὑπ’
955 2209 1076 2268 ἐμοῦ
1110 2209 1412 2256 ἀποθανεῖν.
1449 2211 1477 2268 ἓ
1508 2209 1594 2256 26:
1629 2210 1831 2274 λέγουσι

254 2290 308 2338 δὲ
345 2292 413 2347 ὡς
449 2292 503 2339 ἐν
535 2291 634 2354 μὲν
668 2302 723 2353 τῇ
754 2299 815 2357 γῇ
845 2292 1102 2341 ἀπέθανεν
1133 2294 1159 2340 ὁ
1183 2292 1310 2355 ἀνὴρ
1339 2294 1457 2340 Gett-
1489 2293 1621 2352 §282
1642 2293 1831 2349 ἀλλ’ὡς

253 2379 610 2435 κατεποντώθη
643 2378 895 2442 λέγουσιν.
932 2377 1138 2425 ibidem:
1177 2384 1270 2426 νῦν
1306 2376 1361 2424 δὲ
1400 2378 1454 2424 ἐν
1488 2376 1586 2437 μὲν
1621 2373 1660 2440 ᾧ
1694 2380 1832 2426 ἔπινε

253 2463 403 2526 πλοίῳ
433 2464 524 2511 καὶ
551 2464 602 2519 ἐξ
631 2456 687 2511 οὗ
719 2464 1009 2523 ἐξέβαινεν,
1043 2463 1098 2510 ἐν
1115 2463 1270 2525 τούτῳ
1289 2464 1451 2521 φασὶν
1470 2463 1629 2526 εὑρεῖν
1647 2471 1829 2524 σημεῖα

252 2563 297 2608 q.
335 2563 371 2594 s.
408 2548 541 2606 §391
577 2548 652 2595 ἔτι
687 2547 743 2595 δὲ
779 2549 867 2596 καὶ
901 2546 1020 2595 τάδε
1052 2547 1288 2610 λέγουσιν
1322 2547 1692 2608 001513.ἐ1111)1(]110
1721 2563 1829 2610 pas-

253 2631 361 2679 sim.
399 2631 505 2679 Nec
538 2634 711 2679 tamen
747 2632 986 2679 audacter
1018 2646 1199 2679 nomen
1229 2632 1318 2679 τὸν
1347 2623 1589 2694 “Ηρῴδην’
1609 2631 1830 2679 deletum

251 2715 429 2773 velim,
476 2730 621 2773 nam,
667 2716 706 2762 si
753 2731 851 2776 quo
896 2715 1020 2773 alio,
1066 2715 1158 2762 hoc
1206 2716 1338 2762 certe
1373 2715 1508 2772 1000,
1543 2714 1629 2761 ubi
1663 2715 1831 2762 orator

252 2800 656 2862 indignabundus
692 2801 755 2847 ob
783 2802 931 2861 turpe
959 2801 1010 2847 et
1038 2800 1266 2861 iniquum
1295 2799 1349 2845 in
1376 2813 1428 2846 se
1456 2799 1709 2860 prolatum
1739 2798 1832 2845 cri-

253 2899 369 2931 men
424 2884 578 2945 ipsius
623 2884 765 2945 quasi
812 2884 1139 2931 accusationis
1190 2883 1343 2931 verba
1376 2883 1586 2944 repetit,
1622 2883 1746 2930 bene
1779 2895 1831 2929 Se

253 2969 407 3016 habet
446 2983 629 3017 nomen
672 2968 952 3026 interemti,
991 2983 1106 3015 cum
1139 2967 1190 3015 vi
1224 2966 1540 3014 efferendum.
1590 2965 1660 3012 At
1694 2964 1830 3012 aliud
