2014 3412
1008 271 1070 318 94

252 395 287 443 ἃ
322 395 419 460 ἐγὼ
453 394 582 451 ἀξιῶ
614 393 810 458 μεγάλα
838 412 933 453 μοι
961 398 1210 458 τεκμήρια
1239 390 1375 443 εἶναι
1405 402 1493 455 τῆς
1523 396 1726 456 αἰτίας,
1757 397 1839 446 ὅτι

253 481 343 528 οὐκ
378 479 539 538 ἀληθῆ
574 498 675 539 μου
710 471 852 527 οὗτοι
888 485 1237 543 κατηγοροῦσι,

319 564 506 613 Deinde
538 563 849 611 Hartmanus
879 564 1146 611 offenditur
1173 563 1471 625 repetitione
1489 565 1704 613 nominis
1722 580 1834 628 pro-

253 650 375 711 prii,
421 664 510 710 pro
555 663 654 710 quo
670 685 681 707 ‚
720 649 784 707 si,
819 663 947 710 quae
983 648 1363 706 antecesserint,
1398 649 1615 710 genuina
1649 651 1837 710 essent,

254 749 357 782 sese
403 734 577 795 utiquc
621 732 742 780 dicit
789 734 1193 794 exspectaturum
1239 747 1344 780 esse
1378 748 1651 795 pronomen
1685 735 1836 798 αὐτῷ.

255 818 320 865 Et
369 832 568 874 revera,
621 817 662 863 si
714 816 806 864 hoc
851 816 1152 864 vocabulum
1197 816 1414 874 adesset,
1463 817 1590 864 nihil
1622 818 1839 880 amplius

255 902 633 950 desiderandum
682 903 922 958 restaret;
975 915 1076 948 non
1127 902 1300 948 tamen
1349 900 1477 948 hanc
1526 901 1588 948 ob
1636 916 1837 950 causam

256 988 430 1035 statim
473 986 773 1034 tentandum
810 987 886 1033 est
921 1000 1102 1032 nomen
1137 985 1392 1047 proprium
1410 1021 1422 1043 ‚
1457 985 1611 1047 quod,
1645 986 1686 1033 si
1719 986 1839 1048 quid

255 1072 415 1119 sentio
431 1110 442 1127 ,
480 1073 591 1119 tota
626 1072 832 1119 huiusce
865 1071 961 1118 loci
996 1071 1163 1118 indole
1197 1070 1319 1118 satis
1354 1070 1648 1119 defenditur.
1691 1070 1838 1120 Prae-

255 1158 396 1204 terea
428 1157 481 1203 in
515 1156 839 1218 Antiphontis
868 1156 1091 1217 reliquiis
1121 1155 1444 1203 emendandis
1473 1157 1714 1217 perpetuo
1734 1171 1837 1204 me-

256 1241 418 1288 moria
450 1241 724 1289 tenendum
753 1242 893 1303 puto,
922 1240 1305 1298 Rhamnusium,
1330 1241 1508 1300 utpote
1531 1239 1838 1289 conditorem

257 1328 408 1387 atque
469 1327 666 1387 patrem
727 1325 973 1372 iudicialis
1024 1324 1216 1372 dicendi
1262 1324 1456 1386 generis
1473 1360 1485 1382 ,
1536 1325 1676 1372 cuius
1726 1339 1836 1374 ora.-

256 1410 419 1457 tiones
465 1409 518 1456 in
565 1409 1028 1471 antiquissimorum
1073 1408 1259 1456 atticae
1290 1408 1618 1469 veloquentiae
1663 1424 1836 1457 monu-

258 1496 546 1541 mentorum
583 1494 685 1540 sint
703 1508 960 1552 numero„
979 1507 1081 1541 non
1114 1492 1399 1540 habendum
1435 1507 1539 1541 esse
1572 1495 1837 1553 oratorem,

258 1579 419 1640 qualis
465 1578 674 1626 existere
718 1578 859 1625 nullo
904 1577 1050 1625 modo
1095 1577 1289 1638 potuit,
1331 1577 1636 1638 perpolitum
1685 1579 1844 1640 atque·

258 1663 560 1725 perfectum,
622 1676 782 1723 neque
843 1661 998 1723 igitur
1058 1675 1204 1722 aegre
1252 1675 1356 1708 esse
1400 1660 1658 1708 ferendum
1674 1698 1686 1721 ,
1731 1661 1837 1710 eius

258 1747 505 1796 orationes
559 1761 659 1794 non
718 1761 838 1807 prae
892 1760 943 1793 se
997 1745 1125 1793 ferre
1180 1745 1306 1792 illud
1365 1745 1652 1809 γλαφυρόν,
1705 1746 1838 1809 quod

257 1832 311 1878 in
389 1832 489 1878 suis
560 1832 621 1877 ut
692 1845 886 1892 semper
958 1829 1263 1877 admiremur
1333 1830 1641 1878 orationibus
1667 1867 1679 1890 ‚
1746 1844 1837 1879 nos

258 1916 392 1978 cogit
425 1915 677 1963 Isocrates,
715 1915 826 1962 Huc
858 1914 1014 1976 igitur
1047 1914 1325 1962 referendas
1353 1916 1476 1976 puto
1505 1917 1702 1976 praeter
1727 1929 1836 1964 ver-

258 2001 504 2048 bosiorem
535 1998 729 2047 dicendi
759 1999 1006 2046 rationem
1024 2035 1035 2058 ,
1052 1998 1206 2046 etiam
1222 1998 1484 2045 nominum
1501 1999 1838 2061 repetitiones,

258 2100 381 2146 quas
428 2084 623 2145 saepius
670 2083 721 2130 in
769 2083 1067 2144 antiquioris
1111 2083 1350 2144 temporis
1385 2083 1722 2132 monumentis
1756 2083 1838 2132 de-

259 2169 497 2231 prehendi
529 2169 660 2215 licet.
690 2167 976 2215 Invenimus
1003 2182 1184 2215 nomen
1203 2169 1400 2229 praeter
1419 2168 1839 2229 exspectationem

258 2254 530 2315 repetitum
565 2267 605 2299 e.
624 2267 670 2314 g.
697 2252 734 2298 I.
754 2253 781 2311 §
806 2252 885 2298 19:
907 2252 996 2299 καὶ
1016 2252 1127 2313 ἅμα
1145 2254 1353 2312 οἰομένη
1370 2251 1657 2309 δεξιόν<τι>
1675 2261 1838 2302 ποιεῖν

260 2339 406 2386 πλέον
451 2335 631 2385 δίδωσι
679 2343 746 2400 τῷ
795 2337 1043 2400 Φιλόνεῳ,
1082 2338 1175 2396 ὡς,
1210 2337 1262 2385 εἰ
1288 2337 1400 2395 δοιη
1434 2339 1609 2398 πλέον,
1642 2339 1837 2400 μᾶλλον

261 2424 569 2485 φιλησομένη
614 2423 710 2471 ὑπὸ
742 2427 830 2470 τοῦ
865 2423 1103 2470 Φιλόνεω·
1139 2422 1209 2470 At
1242 2423 1471 2470 delentur
1503 2424 1624 2472 haec
1655 2424 1839 2472 ultima

262 2510 416 2558 verba
457 2509 519 2555 ab
554 2507 848 2570 Hirschigio.
886 2507 978 2555 Sed
1013 2508 1198 2555 iterum
1232 2507 1445 2569 reperies
1479 2509 1761 2571 exemplum
1777 2508 1836 2556 V.

261 2594 392 2654 §fissz
440 2594 627 2641 αὐτίκα
676 2593 950 2652 Ἐφιάλτην
994 2594 1083 2640 τὸν
1128 2594 1367 2656 ’ὑμέτερον
1409 2593 1614 2651 πολίτην
1647 2593 1840 2642 οὐδέπω

261 2680 416 2736 (καὶ)
451 2685 543 2726 νῦν
580 2680 820 2740 ηὕρηνται
856 2684 911 2725 οἱ
942 2677 1345 2733 ἀποκτείναντες
1386 2677 1435 2724 εἰ
1461 2671 1552 2726 οὖν
1587 2697 1666 2734 τις
1698 2680 1837 2738 ἠξίου

261 2765 377 2820 τοὺς
410 2765 666 2817 συνόντας
701 2764 872 2826 ἐκείνῳ
905 2765 1124 2822 εἰκάζειν
1158 2766 1347 2817 οἵτινες
1377 2759 1507 2821 ἦσαν
1535 2769 1591 2811 οἱ
1613 2763 1837 2812 ἀποκτεί-

263 2867 443 2904 ναντες
494 2848 795 2908 Ἐφιάλτην,
841 2849 890 2895 εἰ
929 2847 983 2895 δὲ
1030 2852 1124 2908 μη,
1171 2850 1392 2909 ἐνόχους
1425 2845 1562 2895 εἶναι
1596 2856 1662 2911 τῷ
1697 2851 1838 2913 φόνῳ

262 2936 352 2984 οὐκ
385 2935 452 2983 ἂν
487 2934 654 2988 καλῶς
682 2931 790 2993 εἶχε
819 2941 927 2988 τοῖς
957 2941 1210 2983 συνοῦσιν.
1234 2934 1403 2980 ἔπειτα
1422 2935 1476 2980 οἵ
1489 2952 1543 2997 γε
1563 2935 1837 2995 Ἐφιάλτην
