2014 3412
1049 298 1120 348 38'

289 426 559 485 commodi,
578 426 709 488 quod
727 441 785 474 ea
799 463 811 485 ,
829 441 957 488 quae
975 428 1145 474 textus
1175 441 1348 474 revera
1365 427 1590 475 continet
1604 463 1616 486 ,
1634 415 1867 490 praebet,

287 525 448 571 neque
477 511 663 572 poscit,
692 517 752 558 ut
780 511 840 558 de
867 513 1038 559 nostro
1067 511 1307 558 addamus
1331 511 1534 573 aliquid.
1568 511 1867 574 Priusquam

288 595 458 642 autem
492 595 706 642 indicem
722 632 733 654 ‚
767 610 867 656 qua
900 595 1095 644 ratione
1128 596 1231 657 ipse
1266 596 1430 643 locum
1463 595 1690 658 intellegi
1722 609 1863 658 opor-

288 681 394 727 tere
430 694 681 738 censeam,
715 695 875 742 pauca
908 695 1229 742 praemonere
1263 679 1428 727 velim.

354 764 477 811 Cum
522 764 682 811 totius
728 764 1050 826 antiquitatis
1064 801 1076 823 ,
1116 766 1229 811 tum
1261 763 1525 827 praecipue
1559 763 1863 812 Graecorum

287 850 396 895 erat
430 848 597 909 opinio
611 884 622 906 ,
657 848 847 910 legibus
882 849 1201 909 moribusque
1235 847 1530 896 confirmata
1556 849 1609 895 et
1639 847 1868 910 religiose

288 947 482 994 semper
531 934 794 981 observata
810 970 821 992 ‚
873 935 933 979 ut
982 933 1075 980 sibi
1121 933 1365 995 fingerent
1408 933 1500 980 τὸν
1550 935 1713 992 φονέα
1757 932 1868 994 ipsa

286 1017 457 1075 caede,
492 1033 645 1079 quam
679 1019 952 1079 patrasset,
986 1018 1174 1066 violare
1219 1017 1542 1065 sanctitatem
1575 1017 1840 1064 numinum
1855 1052 1868 1076 ,

285 1116 414 1162 quae
463 1103 653 1148 terram
703 1103 931 1161 tuentur,
975 1102 1033 1149 cf.
1081 1104 1142 1148 Γ.
1190 1121 1243 1153 α.
1293 1104 1320 1162 ἓ
1366 1103 1417 1148 2;
1467 1102 1610 1157 ὅστις
1644 1095 1736 1150 οὖν
1767 1094 1870 1150 τῶν

285 1187 381 1233 ὑπὸ
414 1192 499 1234 τοῦ
536 1190 656 1234 θεοῦ
691 1186 1015 1243 ἀξιωθέντων
1051 1193 1138 1235 τοῦ
1173 1187 1298 1248 βίου
1333 1189 1477 1248 ἡμῶν
1512 1186 1719 1248 α’νόμως
1751 1186 1871 1236 τινοὶ

288 1272 595 1326 ἁπογτείνει,
660 1271 900 1332 ἀσεβεῖ
950 1270 1072 1333 μὲν
1122 1273 1258 1335 περὶ
1308 1272 1457 1326 τοὺς
1510 1273 1700 1327 θεούς
1732 1287 1778 1333 q.
1831 1287 1869 1319 S.

286 1357 480 1404 Horum
515 1357 643 1403 iram
678 1357 906 1415 excitari,
943 1358 993 1404 et
1008 1393 1020 1415 ,
1054 1357 1095 1404 si
1132 1357 1424 1404 interfector
1458 1356 1569 1405 loca
1602 1356 1671 1404 eis
1705 1370 1870 1404 conse-

286 1443 425 1488 crata
466 1441 692 1488 adeundo
733 1441 995 1502 polluerit,
1030 1441 1105 1488 ita
1139 1455 1401 1503 augescere
1416 1477 1428 1499 ,
1462 1443 1523 1488 ut
1555 1440 1871 1503 gravissimas

287 1540 317 1571 a
362 1525 520 1573 totius
563 1527 727 1572 terrae
771 1525 974 1584 incolis,
1019 1525 1106 1586 qui
1151 1526 1255 1572 tale
1299 1526 1581 1572 monstrum
1616 1525 1784 1585 quiete
1816 1523 1871 1571 in

287 1609 495 1657 civitate
544 1610 711 1658 vivere
762 1610 1038 1671 patiantur,
1083 1624 1266 1671 poenas
1317 1609 1520 1671 exigant
1535 1645 1548 1667 ‚
1598 1607 1872 1656 ostendunt

290 1695 346 1740 A.
394 1712 444 1749 α,
491 1696 518 1754 ἓ
557 1694 640 1741 10:
678 1694 980 1759 ἀσύμφορόν
1016 1695 1199 1755 θ’ὑμῖν
1235 1695 1343 1742 ἐστὶ
1377 1692 1522 1743 τόνδε
1555 1694 1749 1756 μιαρὸν
1782 1692 1872 1739 καὶ

287 1778 520 1842 ἄναγνον
565 1779 691 1827 ὄντα
737 1783 808 1835 εἷς
855 1784 968 1831 (τε)
1016 1780 1080 1826 τοὶ
1125 1782 1303 1841 τεμένη
1337 1783 1440 1826 τῶν
1477 1782 1609 1826 θεῶν
1644 1777 1871 1832 εἰςιόντα

284 1867 516 1924 μιαίνειν
544 1866 633 1921 τὴν
662 1865 876 1929 ἁγνείαν
905 1866 1088 1922 αὐτῶν,
1123 1865 1213 1912 ἐπί
1233 1883 1284 1912 τε
1309 1864 1401 1919 τὰς
1425 1863 1586 1918 αὑτάς
1615 1863 1873 1926 τραπέζας

288 1948 436 1997 ἰόντα
466 1950 989 2013 συγκαταπιμπλάναι
1019 1954 1136 2004 τοὺς
1166 1943 1456 2003 ἀναιτίους·
1492 1949 1547 1996 ἐκ
1566 1947 1664 2012 γαρ
1681 1948 1871 1996 τούτων

288 2037 351 2081 αἴ
390 2034 654 2098 τίἕφορίαι
700 2038 971 2099 γίγνονται
1015 2033 1287 2096 δυστυχεῖς
1333 2034 1449 2081 θάἰ
1492 2034 1696 2097 πράξεις
1736 2036 1872 2080 καθ-

287 2121 545 2178 ίστανται,
581 2123 633 2168 et
667 2121 719 2180 β.
758 2122 784 2179 ἓ
820 2120 899 2167 11;
930 2127 985 2168 οἱ
1010 2119 1063 2167 δὲ
1094 2119 1365 2173 διώκοντες
1391 2116 1490 2179 μὲν
1510 2117 1598 2180 ἐμὲ
1617 2119 1705 2166 τὸν
1723 2117 1870 2166 αἰναί-

286 2223 399 2252 τιον
436 2207 526 2252 τὸν
560 2203 605 2251 δ’
622 2208 798 2252 αἴτιον
831 2205 1071 2264 ἀφιέντες
1109 2211 1191 2263 τῆς
1230 2223 1282 2252 τε
1313 2204 1540 2265 ἀφορίας
1568 2207 1731 2252 αἴτιοι
1761 2206 1869 2268 γίγ-

286 2308 495 2347 νονται,
540 2291 658 2337 cett.
704 2289 834 2336 Hinc
879 2289 1151 2336 identidem
1197 2303 1363 2350 preces
1398 2288 1461 2335 ad
1495 2288 1680 2355 iudices
1714 2288 1871 2347 fiunt,

286 2377 346 2422 ut
397 2373 770 2422 condemnando
820 2372 966 2420 noxio
1015 2374 1065 2420 et
1112 2374 1321 2420 nocente
1365 2372 1623 2420 civitatem
1658 2371 1872 2419 liberent

285 2459 507 2520 piacuIO,
542 2472 640 2519 quo
675 2457 1043 2505 commaculata
1076 2456 1167 2514 sit,
1202 2455 1261 2503 cf.
1295 2457 1344 2501 A
1401 2474 1447 2503 α.
1484 2458 1511 2515 g
1551 2456 1632 2502 11:
1670 2455 1870 2504 οἰκείαν

285 2537 376 2591 οὖν
420 2545 518 2606 χρὴ
559 2544 648 2600 τὴν
692 2543 946 2605 τιμωρίαν
991 2543 1372 2604 ἡγησαμένους,
1421 2540 1555 2602 αὐτῷ
1605 2541 1760 2603 τούτῳ
1805 2540 1870 2587 τά

286 2629 460 2676 τούτου
489 2628 793 2687 ἀσεβήματα
823 2626 1151 2682 ἀναθέντας,
1182 2623 1325 2672 ἰδίαν
1351 2625 1451 2684 μὲν
1473 2627 1565 2682 τὴν
1583 2623 1868 2687 συμφοράν,

285 2712 529 2774 καθαράν
565 2710 620 2759 δὲ
657 2714 748 2770 τὴν
783 2712 930 2759 πόλιν
966 2719 1303 2769 καταστῆσαι,
1339 2712 1392 2757 et
1427 2711 1488 2756 B.
1526 2727 1561 2756 α
1612 2710 1640 2768 ἓ
1661 2709 1871 2769 2τὺμᾶς

287 2795 342 2844 δὲ
388 2797 517 2853 ἀξιῶ
558 2825 614 2829 —1
648 2799 916 2861 εἴργοντας
963 2789 1035 2844 ὧν
1070 2797 1097 2844 ὁ
1134 2798 1296 2856 νόμος
1330 2798 1480 2858 εἴργει
1516 2794 1606 2841 τὸν
1639 2792 1869 2841 ἀποκτεί-

286 2898 453 2929 ναντα
488 2883 556 2941 μὴ
591 2885 824 2944 περιορᾶν
859 2882 1071 2929 ἅπασαν
1099 2883 1189 2938 τὴν
1219 2880 1364 2928 πόλιν
1393 2879 1490 2926 υπὸ
1519 2880 1692 2926 τούτου
1722 2895 1867 2938 μιαι·

264 2957 510 3026 ’νομένην
544 2969 595 3015 et
629 2967 750 3014 alibi
783 2967 982 3029 passim.
1034 2966 1108 3013 Ut
1139 2966 1297 3028 igitur
1329 2963 1716 3024 uniuscuiusque
1744 2960 1867 3009 civis
