2014 3412
991 278 1052 328 99

218 407 403 467 enim,”
450 407 620 470 inquit
659 407 966 470 „corrumpit
999 407 1050 454 id
1083 407 1280 469 ipsum,
1315 423 1415 470 quo
1449 408 1599 456 homo
1635 409 1818 457 delibe-

219 494 329 552 rat,
376 495 600 542 mentem
649 492 822 555 puta.'’
859 492 967 540 Hac
1000 492 1097 540 loci
1134 493 1493 555 explicatione,
1531 493 1611 541 cui
1646 508 1819 541 omnes

218 578 438 627 libenter
483 579 852 637 assentientur,
888 578 1035 637 freti,
1068 578 1328 626 videamus
1363 579 1465 625 iam
1482 615 1494 638 ‚
1529 594 1592 625 an
1629 580 1819 627 oratori

219 663 374 712 utiles
407 679 512 712 esse
547 664 811 727 possimus.

282 748 576 805 Rectissime
633 749 836 811 quidem
891 748 1153 797 contendit
1203 748 1464 808 ReiskiuS‚
1517 749 1656 797 verbi
1703 747 1816 797 δια-

218 836 415 899 φθείρει
446 835 658 883 subiecti
689 849 896 883 munere
922 835 1066 898 fungi
1088 837 1295 882 tantum
1313 850 1457 897 posse
1474 850 1647 883 vocem
1670 836 1819 901 ὀργή,

217 920 303 969 sed
348 935 462 969 cum
509 921 560 968 id
604 921 770 983 ipsum
818 919 1076 968 subaudiri
1109 920 1279 976 iubet,
1317 920 1533 967 nimium
1569 923 1695 983 puto
1728 921 1817 968 fla-

213 1005 378 1069 gitare
410 1006 577 1054 virum
612 1005 949 1054 clarissimum
962 1019 974 1063 ;
1010 1019 1101 1053 nec
1129 1003 1497 1054 Herwerdenus
1527 1006 1621 1053 sibi
1653 1006 1819 1068 placet

213 1091 370 1140 tacite
405 1092 681 1154 supplendo
716 1107 824 1140 voc.
863 1091 1012 1156 ὀργή,
1042 1090 1200 1153 quod,
1233 1091 1467 1153 quamvis
1496 1091 1818 1151 dubitanter,

213 1177 268 1226 in
311 1177 640 1226 adnotatione
687 1192 778 1224 sua
820 1178 994 1225 critica
1026 1177 1274 1225 insertum
1308 1177 1510 1225 mavult
1545 1180 1666 1225 ante
1703 1175 1819 1225 δια-

216 1265 430 1327 φθείρει.
469 1262 607 1311 Num
645 1262 916 1310 difficultas
952 1262 1163 1310 fortasse
1193 1262 1268 1309 ita
1297 1263 1601 1311 removenda
1628 1265 1728 1320 est,
1759 1265 1819 1310 ut

212 1349 266 1397 in
310 1348 631 1398 antecedenti
676 1348 903 1396 membro
938 1363 1028 1410 pro
1065 1348 1397 1412 ὀργιζόμενος
1433 1348 1659 1410 legamus
1695 1349 1815 1413 ὀργῇ

212 1434 515 1500 χρώμενοςῗ

278 1523 362 1570 Ira
394 1522 551 1585 igitur
585 1521 864 1583 corrumpit
898 1520 949 1568 id
983 1520 1150 1582 ipsum
1171 1558 1182 1579 ‚
1214 1514 1252 1584 ᾧ
1284 1520 1580 1580 βουλεύεται
1600 1550 1659 1556 -
1679 1521 1814 1583 quis-

212 1607 364 1656 nam‘l
406 1608 507 1655 scil.
543 1606 572 1654 ὃ
606 1607 906 1669 ἄνθρωπος;
944 1606 1030 1654 sed
1062 1608 1175 1654 tum
1211 1606 1511 1668 quantocius
1546 1606 1813 1654 delendum

210 1693 332 1742 erit:
379 1698 469 1742 τοῦ
512 1693 802 1756 ἀνθρώπου.
852 1692 1032 1754 Itaque
1078 1692 1239 1740 altera
1285 1691 1573 1754 quaerenda
1620 1694 1696 1740 est
1731 1707 1813 1740 ex-

210 1779 429 1842 plicandi
473 1779 606 1827 ratio
621 1817 632 1838 ‚
680 1781 733 1826 et
780 1793 890 1826 ecce
905 1815 916 1837 ‚
963 1778 1152 1826 iterum
1198 1777 1341 1825 nobis
1389 1777 1670 1824 auxiliatur
1705 1777 1816 1825 Sto-

210 1865 388 1923 baeuS‚
434 1865 523 1927 qui
570 1867 623 1913 et
667 1864 791 1912 haec
837 1863 992 1912 verba
1026 1863 1239 1911 laudans
1271 1862 1347 1910 ita
1383 1879 1413 1910 a
1449 1863 1677 1911 codicum
1712 1863 1810 1911 lec-

208 1951 348 2000 tione
381 1949 627 2009 deflectit,
663 1952 724 1998 ut
758 1965 848 2012 pro
885 1944 923 2013 ᾧ
960 1950 1260 2012 βουλεύεται
1295 1949 1490 1997 tradat:
1521 1950 1549 1998 ὃ
1579 1949 1808 2009 βουλεύε-

206 2056 310 2084 ται.
357 2035 409 2084 Si
448 2036 578 2083 hanc
612 2035 907 2095 lectionem,
944 2050 1097 2098 quam
1136 2035 1298 2083 critici
1335 2035 1667 2098 sagacissimi,
1704 2035 1811 2084 Ste-

204 2122 430 2186 phanum
475 2121 970 2183 Herwerdenumque
1013 2121 1123 2169 dico
1139 2157 1151 2181 ,
1185 2120 1569 2180 commendant,
1605 2121 1809 2183 recipie·

204 2223 344 2267 muS,
377 2208 548 2256 omnia
583 2222 635 2256 se
667 2210 801 2256 recte
829 2207 1089 2256 habebunt
1120 2209 1173 2255 et
1202 2207 1328 2254 nihil
1359 2207 1576 2269 amplius
1606 2222 1633 2255 e
1661 2209 1809 2255 textu

203 2293 449 2343 removeri
494 2293 762 2356 oportebit.
810 2292 992 2342 Totum
1042 2293 1209 2341 locum
1256 2292 1489 2354 equidem
1532 2293 1626 2341 hoc
1662 2293 1809 2341 modo

203 2379 580 2429 constituerim:
622 2380 680 2427 οὐ
725 2379 824 2444 γάρ
859 2379 1003 2428 ἔστιν
1036 2380 1064 2427 ὅ
1100 2399 1149 2426 τι
1181 2379 1314 2443 ὀργῇ
1345 2381 1641 2443 χρώμενος
1678 2380 1807 2434 (ἂν)

202 2465 476 2529 ἄνθρωπος
509 2459 563 2514 εὖ
595 2466 754 2529 γνοίη·
787 2466 913 2514 αὐτὸ
942 2466 1042 2531 γάρ
1071 2466 1099 2514 ὃ
1125 2465 1446 2527 βουλεύεται,
1477 2467 1570 2524 τὴν
1597 2467 1810 2529 γνώμην

202 2549 500 2616 διαφθείρει
536 2557 628 2600 τοῦ
664 2551 956 2613 ἀνθρώπου.

271 2637 394 2700 §74-
431 2638 603 2686 καίτοι
638 2637 799 2700 πολλῷ
834 2656 888 2702 γε
926 2637 1160 2699 (codices:
1195 2638 1365 2685 καίτοι
1396 2654 1450 2701 γε
1483 2636 1660 2700 πολλῷ)
1678 2637 1806 2698 μᾶλ-

202 2724 289 2772 λον
321 2723 459 2780 εἰκὸς
495 2720 556 2783 ἦν
593 2724 788 2772 ἐκεῖνον
823 2723 945 2787 ὑπὲρ
981 2724 1105 2785 ἐμοῦ
1143 2723 1572 2787 ἀπολογήσασθαι
1611 2728 1803 2786 πατέρα

201 2810 344 2858 ὄντα.
381 2809 517 2869 Scio,
552 2810 615 2857 ab
649 2810 818 2858 atticis
850 2810 1180 2872 scriptoribus
1210 2809 1484 2858 consociari
1517 2824 1619 2857 non
1649 2810 1806 2858 solere

196 2895 472 2958 particulas
518 2914 600 2944 τοι
637 2897 689 2943 et
725 2914 810 2959 γε,
847 2895 1079 2957 quamvis
1114 2895 1290 2958 Lysias
1325 2894 1510 2943 XXXI.
1550 2895 1625 2954 §2
1662 2910 1802 2956 prae-

198 2981 340 3030 beat:
394 2982 455 3030 οὐ
502 2985 683 3044 μέντοι
731 2999 786 3045 γε
834 2980 980 3031 ἰδίαν
1026 2982 1233 3046 ἔχθραν
1283 2979 1536 3042 οὐδεμίαν
1581 2998 1802 3042 μεταπο-
