2014 3412
1035 303 1094 352 72

276 429 407 490 quod
439 429 552 481 illa:
588 433 676 477 τοῦ
712 427 767 476 δὲ
797 429 940 477 ὑετοῦ
967 432 1116 476 ἕνεκα
1147 427 1284 475 ταῦτ’
1316 423 1399 486 ἦν,
1427 428 1480 474 in
1508 427 1685 489 quibus
1702 427 1853 476 Hart-

277 527 454 559 manus
488 513 588 559 iam
623 513 939 574 reprehendit
968 513 1263 561 vocabulum
1295 517 1457 560 ταῦτα
1474 549 1486 568 ,
1519 511 1666 569 mihi,
1687 512 1853 560 nescio

276 596 550 658 quomodo,
586 597 859 658 displicent.
896 597 1147 644 Audacter
1180 596 1382 657 quidem
1397 632 1408 654 ,
1428 595 1511 643 sed
1529 597 1700 643 tamen
1718 597 1854 643 recte

277 695 357 727 me
401 695 545 742 agere
590 682 739 742 puto,
783 681 1013 742 legendo:
1052 678 1157 726 ἀλλ’
1194 679 1406 744 ἀνάγκῃ·
1444 685 1530 728 τοῦ
1565 681 1682 744 γοὶρ
1711 681 1855 730 ὑετοῦ

277 768 422 812 ἕνεκα
442 770 588 811 τοῦτο
607 763 827 828 εγίγνετο
847 765 947 824 (vel
966 764 1145 812 omisso
1164 764 1454 826 pronomine
1472 771 1639 813 τοῦτο;
1661 766 1854 830 ἐγένετο

278 849 381 896 scil.
426 851 452 907 ἡ
497 850 844 908 μετέκβασις).
895 850 950 896 ἐν
996 842 1033 911 ᾧ
1078 846 1177 910 μὲν
1210 849 1309 912 γάρ
1345 849 1606 909 ἐπλέομεν,
1642 849 1854 915 οἷστέγα-

277 948 399 980 στον
442 929 502 991 ἦν
547 932 602 979 τὸ
648 933 848 992 πλοῖον,
895 932 966 988 εἰς
1002 933 1029 980 ὃ
1062 932 1115 979 δὲ
1150 937 1331 994 μετ<εξ
1345 934 1556 994 ὃε’ῥήμεν
1593 933 1687 994 (ita
1720 934 1854 983 enim

276 1032 389 1064 cum
454 1017 786 1065 Herwerdeno
848 1017 1114 1078 legendum
1171 1031 1261 1078 pro
1311 1017 1499 1065 tradito
1550 1018 1854 1080 μετέβημεν)

278 1102 659 1165 ἐστεγασμένον.
679 1103 866 1149 τούτων
886 1099 931 1148 δ’
952 1101 1262 1162 υμῖν<τους>
1277 1101 1539 1165 μάρτυρας
1553 1106 1854 1165 παρέξομαι.

342 1184 464 1245 ξ23.
510 1188 602 1233 καὶ
646 1189 693 1233 εἴ
733 1205 799 1249 τῳ
835 1191 936 1234 τῶν
969 1185 1133 1232 ἄλλων
1168 1185 1333 1234 ἐδόκει
1368 1185 1538 1235 δεινὸν
1570 1185 1739 1247 εἶναι,·
1765 1189 1857 1238 καὶ

279 1270 395 1330 ἐμοὶ
441 1270 643 1330 ὁμοίως.
691 1270 844 1318 Recte
889 1269 1249 1317 Herwerdenus
1284 1270 1466 1319 Mnem.
1502 1271 1574 1318 XI
1610 1287 1722 1334 pag.
1761 1272 1854 1320 210

277 1354 460 1402 delevit
502 1354 800 1403 vocabulum
834 1355 1037 1415 ὁμοίως.
1075 1353 1168 1401 Sed
1202 1354 1356 1401 etiam
1391 1357 1501 1402 tum
1538 1356 1698 1404 oratio
1732 1356 1857 1404 mihi

277 1439 426 1500 paulo
471 1439 642 1485 durius
687 1439 950 1505 procedere
997 1439 1220 1495 videtur;
1256 1454 1385 1499 quae
1421 1439 1614 1488 duritas
1647 1440 1857 1490 fortasse

278 1523 619 1584 mitigabitur,
668 1523 708 1569 si
758 1523 955 1584 virgula
1005 1524 1123 1569 ante
1169 1521 1330 1570 ἐδόκει
1369 1524 1563 1584 posita,
1608 1524 1853 1587 legemus:

278 1608 368 1654 καὶ
402 1610 449 1654 εἴ
477 1625 543 1669 τῳ
576 1613 679 1655 τῶν
712 1607 897 1664 ἄλλων,
939 1605 1102 1655 ἐδόκει
1137 1605 1309 1655 δεινὸν
1341 1605 1476 1656 εἶναι
1512 1609 1600 1656 καὶ
1634 1607 1762 1666 ἐμοί.

342 1691 464 1751 ἓ24.
500 1692 588 1739 καὶ
622 1691 772 1740 ἄλλου
806 1691 1013 1746 οὐδενὸς
1043 1692 1312 1746 ἐθέλοντος
1340 1690 1740 1753 βαδιζειν,οῧτε
1757 1698 1858 1742 τῶν

279 1777 379 1824 ἀπὸ
412 1782 500 1825 τοῦ
536 1778 710 1825 πλοίου
746 1779 854 1825 οὔτε
882 1782 986 1824 τῶν
1017 1779 1153 1839 αὐτῷ
1181 1784 1249 1838 τῷ
1267 1775 1468 1840 Ἡρῴδῃ
1485 1778 1854 1838 συμπλεόντων,
1914 1787 1917 1790 ’

278 1862 372 1926 ἐγὼ
401 1863 491 1909 τὸν
510 1862 798 1910 ἀκόλουθον
815 1863 903 1910 τόν
922 1863 1143 1919 ἐμαυτοῦ
1161 1864 1373 1921 πέμπειν
1392 1864 1596 1921 ἕτοιμος
1612 1858 1655 1920 ἦ·
1675 1863 1851 1910 καίτοι

277 1946 337 1993 ου’
371 1945 529 2005 δήπου
565 1965 618 2009 γε
655 1944 764 1993 κατ’
802 1948 1022 2005 ἐμαυτοῦ
1050 1947 1272 2005 μηνυτὴν
1301 1946 1520 2005 ἔπεμπον
1548 1944 1710 2001 εἰδώς.
1741 1945 1856 1994 Non

277 2031 410 2077 recte
455 2029 685 2077 Reiskius
721 2030 953 2078 adnotat:
992 2035 1094 2077 τῶν
1128 2028 1226 2076 ἀπὸ
1257 2035 1345 2077 τοῦ
1379 2030 1551 2077 πλοίου
1586 2029 1687 2076 scil.
1721 2028 1796 2084 εἰς
1829 2030 1857 2078 ὃ

277 2114 559 2174 μετέβημεν
576 2149 587 2171 ,
623 2114 883 2161 hominum
917 2114 1004 2161 illo
1039 2114 1264 2175 navigio,
1298 2114 1351 2160 in
1380 2114 1512 2174 quod
1540 2113 1856 2161 transcende-

277 2213 473 2256 ramus,
520 2198 623 2244 iam
670 2199 788 2243 ante
834 2199 1121 2254 vectorum,
1155 2211 1308 2257 quam
1343 2211 1432 2244 nos
1465 2196 1585 2243 illuc
1618 2196 1853 2243 transmi-

277 2296 571 2344 grassemus.
603 2279 707 2327 Nec
737 2280 915 2326 melius
945 2280 1068 2326 mihi
1098 2280 1258 2341 placet
1278 2279 1548 2328 Maetzneri
1566 2279 1855 2340 explicatio,

276 2366 363 2427 qui
398 2380 456 2413 ea
491 2365 643 2413 verba
676 2366 785 2411 tam
816 2363 878 2409 ad
908 2365 1117 2422 nautas,
1147 2378 1299 2424 quam
1329 2362 1392 2409 ad
1415 2362 1642 2409 homines
1660 2377 1720 2410 ea
1737 2362 1854 2410 navi

275 2451 442 2497 vectos
478 2450 703 2510 spectare
739 2447 825 2493 ait.
861 2447 1016 2493 Adest
1043 2447 1209 2508 potius
1236 2461 1295 2493 ea
1322 2445 1514 2493 dicendi
1536 2445 1683 2503 ratio,
1701 2460 1855 2506 eaque

276 2532 409 2579 haud
453 2534 561 2578 tam
607 2545 747 2588 rara,
793 2545 852 2577 ex
897 2544 998 2590 qua
1041 2545 1081 2577 e.
1101 2545 1146 2591 g.
1181 2535 1236 2577 οἱ
1266 2529 1365 2576 ἀπὸ
1399 2529 1571 2577 πλοιόυ
1609 2528 1855 2590 significat

274 2617 483 2672 nautas,
528 2616 587 2660 ut
631 2620 686 2661 οἱ
728 2613 826 2661 ἀπὸ
868 2613 1105 2672 βήματος
1149 2615 1393 2671 oratores,
1440 2619 1495 2659 οἱ
1536 2611 1635 2660 ἀπὸ
1669 2618 1855 2671 σκηνῆς

272 2698 564 2756 histrioneS,
599 2703 656 2745 οἱ
686 2697 783 2745 ἀπὸ
812 2696 1002 2758 βουλῆς
1036 2699 1317 2754 senatores,
1346 2702 1402 2743 οἱ
1427 2696 1527 2744 οέπὸ
1544 2696 1707 2759 λόγων
1724 2695 1854 2743 viros

274 2783 459 2830 doctos.
507 2781 578 2828 Ex
623 2782 699 2828 his
743 2782 979 2842 exemplis
1016 2781 1165 2828 simul
1198 2780 1449 2837 videmus,
1484 2780 1617 2827 inter
1650 2793 1853 2840 praepo-

275 2867 506 2914 sitionem
540 2865 641 2914 α’πό
675 2867 727 2913 et
760 2866 1049 2927 genetivum
1083 2865 1156 2912 rei
1189 2879 1220 2910 a
1252 2864 1614 2925 praepositione
1640 2859 1853 2924 penden-

276 2952 406 3005 tem,
451 2949 602 2997 inseri
645 2964 746 2996 non
791 2949 946 2996 solere
990 2948 1272 3017 articulum.
1309 2947 1447 3003 Quod
1481 2947 1523 2994 si
1555 2949 1727 2994 tamen
1767 2944 1852 3027 fit,
