2014 3412
963 270 1024 321 97

195 393 336 443 notio
366 393 540 442 addita
573 396 651 443 est
688 411 780 443 nec
815 395 951 456 564,
985 411 1075 445 nec
1104 396 1157 443 in
1188 397 1540 458 sequentibus,
1569 398 1656 445 ubi
1681 400 1794 445 tan-

194 480 309 526 tum
342 479 578 542 legimus:
620 482 883 543 πρόφασιν
910 483 1198 545 εὑρίσκουσι
1230 483 1280 529 et
1310 481 1541 543 χαλεπὸν
1559 482 1794 542 εἰκάζειν.

195 563 338 612 Hanc
373 564 436 612 ob
470 579 675 613 causam
710 566 835 612 mihi
865 567 1026 629 magis
1056 567 1252 628 placeat
1281 567 1572 616 restituere:
1604 569 1698 616 καὶ
1725 571 1794 627 μὴ

193 647 430 706 ἂποδείξο
442 667 526 698 ντι
561 653 631 699 τό
668 651 711 715 γ’
749 651 982 708 schedam,
1012 652 1087 699 ita
1115 653 1176 699 ut
1204 652 1420 700 articulo
1451 654 1511 700 τό
1541 655 1655 715 post
1673 653 1793 702 dno-

195 732 417 793 δείξοντι
453 737 662 797 omiss0,
698 738 876 786 vocula
909 732 960 787 εὖ
994 739 1087 785 aut
1119 752 1180 786 ex
1212 737 1443 799 sequenti
1469 737 1677 786 εἰκάσαι
1708 755 1796 803 per

194 820 590 884 dittographiam
634 825 758 870 nata
802 828 894 871 aut
927 838 955 872 e
987 822 1120 883 §662
1159 823 1248 871 e’dv
1283 816 1336 872 εὖ
1369 823 1553 882 εἰκάζω
1587 825 1687 873 huc
1719 826 1794 872 in-

194 909 344 956 vecta
375 906 457 955 sit.

257 992 286 1052 §
316 991 391 1042 71.
438 991 716 1055 Postquam
750 994 948 1052 orator,
983 993 1071 1055 qui
1107 1008 1428 1055 summopere
1461 994 1649 1043 iudices
1686 1011 1794 1058 per-

194 1091 413 1126 movere·
438 1077 635 1137 studet,
680 1093 744 1126 ne
791 1093 842 1126 se
890 1079 1067 1126 statim
1103 1079 1462 1139 condemnent,
1496 1096 1649 1143 grave
1685 1098 1795 1145 pro-

191 1161 317 1210 tulit
359 1162 646 1225 exemplum
692 1163 756 1210 ad
801 1163 1252 1212 demonstrandum
1271 1201 1281 1219 ,
1326 1180 1480 1226 quam
1527 1166 1654 1214 bene
1701 1167 1796 1227 sit,

192 1247 411 1310 tempori
457 1247 649 1310 aliquid
692 1248 743 1295 in
780 1248 832 1295 id
866 1263 1024 1311 genus
1060 1249 1224 1297 causis
1259 1249 1464 1298 incertis
1500 1252 1794 1312 concedere,

191 1333 358 1382 addit:
395 1334 556 1390 οὕτως
585 1333 797 1399 ἀγαθόν
827 1335 934 1382 ἐστι
962 1335 1094 1398 μετά
1123 1342 1212 1383 τοῦ
1241 1337 1439 1398 χρόνου
1474 1339 1794 1398 βασανίζειν

192 1418 258 1467 ‘cd'
299 1419 594 1485 πράγματα,
652 1421 742 1468 καί
788 1421 921 1469 τοῦτ’
971 1424 1095 1476 ἴσως
1139 1421 1208 1469 ἂν
1253 1423 1346 1481 (ita
1394 1437 1511 1470 cum
1547 1424 1715 1472 codice
1748 1424 1792 1472 A

190 1505 480 1568 legendum)
520 1507 744 1570 φανερὸν
780 1507 970 1570 γένοιτ’
1017 1506 1085 1554 ἂν
1121 1508 1356 1570 ὕστερον,
1391 1508 1489 1571 ὅτῳ
1521 1510 1683 1572 τρόπῳ
1717 1512 1792 1557 τέ-

194 1594 382 1650 θνηκεν
428 1591 457 1639 ὁ
491 1590 782 1656 ἄνθρωπος.
820 1592 944 1639 Cum
979 1592 1165 1640 iudices
1199 1593 1357 1655 igitur
1393 1608 1591 1655 sperare
1625 1594 1793 1654 iubet,

191 1676 298 1725 fore
332 1678 394 1725 ut
425 1679 602 1740 postea
629 1678 926 1740 aliquando,
956 1678 1206 1740 quomodo
1236 1677 1457 1726 Herodes
1487 1678 1792 1728 interemtus

191 1762 283 1821 sit,
318 1764 584 1825 appareat,
621 1778 703 1811 eos
740 1763 1002 1822 hortatur,
1033 1766 1092 1811 ut
1123 1763 1612 1823 condemnat-ionem,
1638 1779 1794 1826 quam

190 1848 518 1911 pronuntiare
565 1849 785 1911 possint,
820 1849 1055 1898 differant
1090 1850 1142 1896 in
1177 1851 1380 1910 tempus
1415 1848 1663 1896 futurum.
1702 1850 1794 1898 Sed

190 1933 267 1981 his
296 1949 449 1996 quam
479 1934 719 1983 acerrime
747 1937 1032 1998 repugnant
1060 1934 1342 1997 sequentia:
1373 1936 1444 1993 μὴ
1472 1929 1567 1984 οὖν
1587 1937 1795 1998 ὕστερον

191 2026 338 2069 τοῦτο
371 2027 552 2084 γνῶτε,
586 2020 829 2069 ἀναίτιόν
863 2040 925 2082 με
960 2021 1087 2068 ὄντα
1124 2019 1460 2076 ἀπολέσαντες
1517 2021 1646 2068 ἀλλά
1678 2025 1790 2081 πρό·
1851 2014 1853 2016 ’

189 2109 336 2170 τερόν
370 2106 417 2171 γ’
453 2103 513 2155 εὖ
539 2106 889 2167 βουλεύσασθε
923 2108 1014 2155 καὶ
1048 2109 1116 2165 μὴ
1148 2108 1256 2168 μετ’
1294 2107 1447 2171 ὀργῆς
1478 2108 1567 2155 καὶ
1597 2107 1788 2170 διαβο-

188 2192 277 2252 λῆς
319 2208 366 2255 q.
395 2208 432 2240 S.
449 2229 460 2251 ,
507 2208 637 2255 quae
682 2193 823 2241 nullo
869 2208 1071 2256 prorsus
1116 2193 1251 2241 iusto
1287 2207 1480 2241 conexu
1520 2194 1790 2242 cohaerent

189 2293 303 2327 cum
338 2277 436 2337 eis,
470 2293 600 2340 quae
634 2278 955 2326 antecedunt.
992 2278 1100 2326 Hoc
1133 2278 1295 2336 idem,
1332 2278 1427 2325 nisi
1457 2278 1631 2338 fallor,
1658 2279 1792 2328 inter

187 2378 248 2412 ea
291 2365 425 2422 erat,
470 2363 533 2412 ob
581 2378 710 2425 quae
755 2363 1002 2426 Sauppius
1036 2366 1157 2412 ante
1191 2364 1284 2411 καὶ
1317 2364 1418 2427 ὅτῳ
1452 2364 1671 2413 inserere
1707 2381 1791 2413 vo-

187 2447 366 2497 luerit:
419 2446 511 2496 ύπὸ
561 2453 662 2496 τοῦ.
717 2447 897 2497 Videas
943 2451 1114 2497 autem
1133 2486 1145 2508 ,
1190 2465 1315 2496 num
1362 2449 1521 2512 magis
1567 2449 1789 2511 placeat,

157 2533 386 2596 'virgula
429 2536 543 2596 post
588 2540 747 2598 γνῶτε
791 2534 983 2593 deleta,
1031 2537 1171 2595 (nam
1206 2550 1337 2596 quae
1373 2536 1656 2596 sequuntur
1690 2551 1790 2583 non

185 2618 541 2668 adverbialiter
586 2619 671 2667 sed
717 2619 1056 2688 praedicative
1104 2619 1278 2667 addita
1325 2621 1464 2676 sunt)
1517 2620 1786 2682 suspicari,

185 2705 364 2754 Verba:
399 2707 607 2770 ὕστερον
641 2712 789 2755 τοῦτο
819 2711 977 2770 γνῶτε
1006 2708 1118 2754 orta
1147 2721 1253 2754 esse
1283 2721 1368 2754 ex:
1399 2707 1609 2768 ὕστερον
1639 2726 1789 2766 μετα-

186 2796 358 2855 γνῶτε.
411 2791 540 2840 Tum
590 2794 734 2840 totus
785 2792 924 2840 locus
971 2792 1074 2840 iam
1124 2795 1262 2840 recte
1309 2792 1566 2840 cohaeret:
1606 2792 1787 2840 Postea

183 2877 455 2940 aliquando
501 2878 804 2940 reperietur,
854 2877 1104 2939 quomodo
1153 2877 1239 2926 vir·
1277 2877 1581 2925 interemtus
1617 2878 1711 2934 sit;
1749 2878 1790 2926 si

185 2977 266 3011 me
316 2963 474 3026 igitur
520 2964 615 3011 hac
659 2978 810 3012 causa
860 2963 1289 3024 condemnabitis,
1334 2965 1536 3026 postea,
1576 2963 1790 3012 simulac

1571 3048 1589 3083 7
