2014 3412
1127 322 1163 353 11

361 429 478 477 Tuis
493 466 504 488 ,
549 429 877 477 familiaribus
895 467 906 489 ,
953 429 1204 491 discipulis
1251 444 1383 476 mors
1427 431 1519 476 tua
1563 430 1673 477 erat
1715 429 1940 492 lugubris

359 516 411 561 et
455 514 708 572 luctuosa,
753 514 851 562 toti
890 514 1254 575 philologorum
1289 513 1457 575 generi
1493 515 1570 561 est
1603 513 1938 575 irreparabilis

358 599 564 646 iactura.
599 598 730 646 Nam
760 600 1006 660 quantum
1037 597 1188 646 variis
1214 599 1266 644 et
1292 597 1497 645 diversis
1524 597 1714 645 latinae
1739 597 1938 660 linguae

360 683 694 730 monumentis
752 682 1016 744 singulari,
1073 696 1172 742 qua
1228 682 1447 743 pollebas
1508 681 1715 730 scientia
1764 683 1816 730 et
1865 681 1936 730 la-

357 766 475 814 bore
519 766 759 828 profueris
776 803 787 824 ,
832 766 1001 813 notius
1043 770 1118 813 est
1164 768 1215 813 et
1250 766 1513 825 testatius,
1549 781 1699 828 quam
1735 768 1795 814 ut
1827 767 1936 829 plu-

356 851 491 897 ribus
537 852 919 899 demonstretur.
963 851 1032 897 At
1066 851 1118 897 in
1155 851 1427 898 maximam
1460 852 1603 898 tuam
1638 854 1691 900 613
1715 851 1934 900 fructuo-

356 935 601 982 sissimam
664 936 967 982 industriam
1029 937 1369 983 transversum
1431 936 1645 984 incurrit
1706 936 1933 985 invidum

355 1020 516 1067 fatum
534 1058 545 1079 ,
583 1022 734 1081 teque
771 1020 981 1066 abstulit
1016 1035 1103 1081 per
1137 1020 1234 1067 iter
1268 1020 1649 1068 tenebricosum.
1695 1019 1804 1068 Iam
1840 1035 1933 1069 ave

355 1107 406 1151 613
442 1105 580 1163 vale,
610 1105 692 1166 pia
725 1105 919 1162 anima;
958 1104 1024 1151 sit
1057 1104 1151 1151 tibi
1186 1106 1323 1152 terra
1356 1104 1487 1152 felix.

417 1191 484 1237 At
519 1190 736 1237 alterum
764 1190 945 1248 etiam,
976 1190 1263 1251 priusquam
1291 1189 1384 1237 hoc
1411 1190 1730 1251 opusculum,
1761 1190 1930 1253 quale-

353 1290 565 1336 cumque
610 1277 709 1332 est,
756 1276 946 1333 vestro,
996 1274 1091 1322 viri
1130 1274 1418 1334 clarissimi,
1452 1275 1680 1322 sollemni
1712 1275 1930 1324 examini

352 1360 672 1418 submittam,
707 1362 867 1407 restat
901 1359 1251 1406 suavissimum
1285 1359 1407 1406 mihi
1435 1361 1488 1407 et
1515 1359 1926 1407 iucundissimum

351 1444 578 1492 officium.
625 1443 809 1491 Gratus
854 1443 988 1491 enim
1031 1443 1287 1503 recordor,
1322 1446 1514 1505 quanta
1542 1443 1595 1490 in
1627 1443 1720 1492 hac
1751 1443 1926 1492 disser-

349 1529 542 1576 tatione
577 1528 915 1589 componenda
950 1528 1188 1575 beneficia
1221 1529 1273 1575 in
1309 1543 1388 1575 me
1421 1529 1692 1577 contulerit
1725 1528 1802 1577 vir
1828 1528 1926 1576 cla·

349 1614 573 1660 rissimus
604 1629 699 1661 vAN
732 1629 981 1671 LEEUWEN,
1010 1615 1266 1674 promotor
1292 1613 1754 1672 aestimatissimus,
1783 1612 1925 1661 cuius

347 1714 490 1746 rarae
532 1699 862 1746 humanitatis
906 1700 956 1746 et
1001 1698 1376 1747 benevolentiae
1419 1698 1719 1747 documenta
1755 1698 1923 1760 palam

346 1783 507 1831 facere
540 1798 621 1830 me
654 1785 797 1830 vetat
829 1783 1091 1845 singularis
1125 1783 1230 1830 eius
1264 1783 1532 1842 modestia,
1566 1798 1693 1844 quae
1725 1784 1924 1840 tamen,

346 1869 464 1929 quin
512 1883 704 1929 semper
749 1870 894 1930 grata
940 1870 1108 1915 mente
1152 1883 1240 1930 pro
1287 1883 1508 1927 summa,
1542 1883 1643 1929 qua
1670 1883 1750 1916 me
1785 1881 1922 1915 exce-

345 1953 474 2013 perit
512 1953 815 2000 liberalitate
850 1952 894 2000 ei
928 1967 1079 2013 quam
1114 1952 1329 1999 maxime
1364 1952 1621 2000 devinctus
1657 1951 1776 2011 sim,
1811 1966 1920 2014 pro-

344 2037 510 2084 hibere
544 2037 732 2098 nequit.

407 2122 515 2168 Tibi
550 2136 767 2183 quoque,
803 2122 1071 2170 clarissime
1112 2124 1164 2169 et
1193 2122 1474 2170 doctissime
1502 2137 1754 2181 HARTMAN,
1787 2137 1921 2170 sum-

346 2220 451 2252 mas
494 2221 586 2267 ago
631 2206 818 2267 gratias
863 2222 951 2267 pro
987 2207 1203 2264 liberali,
1240 2222 1388 2268 quem
1422 2207 1474 2254 in
1508 2222 1587 2255 me
1621 2206 1919 2269 praestitisti

343 2290 536 2348 animo,
587 2291 725 2337 cuius
776 2291 1012 2338 notitiam
1059 2292 1376 2340 dolendumst
1418 2292 1540 2339 mihi
1584 2294 1788 2340 tantum
1832 2307 1920 2354 per

341 2373 511 2420 literas
547 2375 836 2422 contrahere
870 2376 1079 2424 licuisse.

405 2459 570 2519 Atque
604 2459 678 2505 ita
711 2459 812 2506 iam
843 2460 992 2519 vade,
1022 2461 1091 2507 mi
1118 2461 1310 2520 libelle,
1337 2477 1437 2510 non
1464 2463 1662 2524 quidem
1693 2479 1918 2524 securus,

341 2542 423 2589 sed
467 2545 666 2600 tamen,
710 2544 840 2603 quod
888 2544 1020 2602 viro,
1067 2545 1120 2591 in
1164 2561 1262 2606 quo
1307 2562 1504 2593 summa
1544 2547 1769 2595 doctrina
1802 2563 1916 2596 cum

340 2627 528 2688 optimo
546 2627 727 2674 iudicio
747 2628 1011 2675 coniuncta
1029 2631 1105 2676 est
1118 2666 1129 2688 ,
1150 2632 1230 2677 sat
1249 2631 1506 2692 placuisti,
1523 2645 1637 2679 cum
1656 2632 1786 2680 bona
1802 2647 1910 2694 spe;

403 2712 605 2756 tantum
640 2726 702 2758 ne
737 2726 942 2770 noceas,
979 2712 1097 2759 dum
1136 2714 1206 2761 vis
1241 2715 1496 2775 prodesse,
1530 2715 1723 2764 videto!
