2014 3412
988 285 1076 334 106

242 414 292 461 et
334 413 555 475 Sophocl.
602 412 720 460 Ant.
767 428 837 461 vs,
886 411 979 460 349
1019 427 1152 475 seqq.
1192 412 1425 462 Conferas
1455 415 1608 462 etiam
1638 415 1822 464 Maetz-

241 513 418 546 nerum
464 499 527 546 ad
573 500 634 546 B.
667 518 713 563 γ.
751 498 842 558 §4-
878 497 1109 546 Ceterum
1143 498 1234 546 hoc
1278 499 1424 547 modo
1457 515 1713 562 praesenS,
1747 500 1824 549 fu-

239 584 413 630 'nurum
429 620 440 642 ‚
489 583 731 631 aoristum
768 582 1000 643 empirice
1035 582 1318 630 adhibitum
1353 583 1528 631 eadem
1562 584 1640 632 uti
1673 584 1821 647 signi-

239 666 470 714 ficatione
485 702 496 725 ,
537 666 634 713 nisi
669 666 802 727 quod
835 665 1048 713 aoristus
1083 665 1345 727 empiricus
1379 667 1628 728 poeticum
1664 669 1822 731 magis

238 766 356 813 prae
403 766 454 799 se
487 750 585 798 fert
620 751 832 799 colorem
851 787 862 808 ‚
897 750 950 796 in
984 750 1273 798 universum
1307 753 1385 798 sat
1421 755 1599 800 notum
1633 755 1724 801 est.
1759 753 1820 802 cf.

239 851 278 884 e.
312 851 357 898 g.
393 835 630 883 Classenii
663 835 725 882 ad
759 834 975 897 Thucyd.
1008 834 1044 882 I.
1079 833 1154 882 69.
1187 834 1230 882 5.
1264 834 1328 881 II.
1365 835 1436 882 11.
1468 834 1512 883 4.
1540 836 1623 884 IV.
1649 837 1753 886 126.
1772 837 1818 886 4.

238 924 289 969 et
332 921 602 969 Rehdanzii
652 919 1050 978 „Demosthenes'
1086 935 1221 967 neun
1255 920 1589 983 Philippische
1621 922 1820 971 Reden'’

238 1006 430 1053 Indices
463 1021 573 1068 pag.
612 1005 687 1053 48.

305 1090 420 1138 Non
453 1093 624 1139 tamen
660 1091 888 1153 equidem
924 1091 1070 1139 valde
1102 1091 1332 1138 resistam
1347 1130 1359 1147 ,
1391 1091 1432 1137 si
1461 1091 1572 1152 quis
1589 1090 1820 1139 futurum

240 1176 484 1238 ἀφέξεται
530 1175 728 1237 proprie
774 1175 1011 1237 explicari
1057 1175 1278 1233 mavult,
1313 1177 1373 1222 ut
1405 1174 1719 1222 referendum
1755 1175 1823 1223 sit

239 1262 301 1308 ad
335 1263 560 1322 tempUS,
593 1260 725 1321 quod
758 1260 885 1307 illud
920 1260 1150 1324 ἁγνεύειν
1183 1261 1515 1322 subsequitur.
1552 1259 1740 1322 Utique
1767 1260 1818 1308 in

237 1345 430 1392 tradita
462 1344 677 1392 ]ecti0ne
711 1344 835 1391 nihil
870 1345 1172 1392 mutandum
1206 1347 1344 1407 puto.

305 1429 427 1490 glo.
463 1430 572 1477 οὔτε
606 1414 705 1492 γάρ
740 1427 798 1486 δὴ
831 1420 888 1477 οὗ
925 1431 952 1487 ἡ
986 1430 1136 1484 πόλις
1171 1429 1464 1493 ἐλάμβανεν
1499 1429 1565 1478 ἂν
1600 1429 1750 1490 δίκην
1776 1433 1826 1480 εἴ

238 1534 291 1561 τι
347 1513 580 1573 ἠδίκητο,
639 1514 869 1562 ἐνταῦθα
916 1516 1006 1576 τὴν
1050 1518 1365 1580 κατηγορίαν
1411 1522 1652 1573 ποιεῖται,
1697 1517 1822 1565 ὥστε

238 1600 458 1665 χάριτος
493 1599 643 1656 ἄξιον
677 1597 812 1648 εἶναι
843 1606 900 1661 τῇ
936 1600 1071 1649 πόλει
1100 1617 1145 1663 q.
1168 1617 1204 1649 S.
1224 1602 1320 1649 Pro
1339 1602 1564 1650 codicum
1581 1602 1818 1651 lecizione:

237 1689 327 1746 τὴν
372 1687 680 1751 κατηγορίαν
725 1694 943 1734 ποιεῖται
994 1687 1171 1748 ubique
1204 1702 1318 1734 cum
1353 1687 1551 1736 Reiskio
1585 1703 1820 1750 reponen-

238 1772 328 1819 dus
373 1774 482 1820 erat
528 1771 736 1833 pluralis
782 1786 1046 1819 numerus:
1093 1778 1384 1831 ποιοῦνται,
1431 1771 1490 1819 cf.
1525 1771 1820 1820 Jernstedtii

242 1857 460 1915 „observ.
507 1856 744 1918 Antiph.”
779 1871 888 1918 pag.
927 1856 986 1906 27
1002 1872 1012 1914 3
1049 1858 1134 1904 sed
1170 1857 1363 1916 videas,
1397 1872 1520 1904 num
1554 1856 1683 1905 forte
1716 1871 1819 1905 rec-

237 1942 339 1988 tius
385 1956 436 1989 se
474 1941 658 1988 habeat
704 1943 1012 2000 πεποίηνται.
1064 1941 1122 1989 cf.
1168 1956 1208 1989 e.
1238 1957 1284 2004 g.
1331 1945 1358 2002 g
1391 1941 1442 1992 7:
1479 1934 1620 1991 οὗτοι
1654 1939 1818 2004 (μὲν)

237 2028 335 2090 γάρ
379 2028 468 2085 τὴν
513 2026 612 2086 μὲν
658 2025 838 2084 δίωξιν
883 2027 1144 2089 εὐσεβείας
1191 2031 1335 2078 ἕνεκά
1380 2046 1511 2089 φασι
1555 2033 1816 2078 ποιεῖσθαι

237 2113 328 2160 καί
374 2117 461 2160 τοῦ
502 2110 735 2171 δικαίου,
780 2114 869 2171 τὴν
911 2111 967 2160 δὲ
1003 2129 1318 2178 κατηγοριαν
1351 2115 1561 2163 ἅπασαν
1594 2116 1818 2174 πεποίην-

237 2216 326 2245 ται
360 2196 609 2257 διαβολῆς
645 2201 790 2245 ἕνεκα
825 2198 916 2245 καὶ
951 2197 1146 2256 ἀπάτης
1181 2201 1298 2247 cett.
1334 2199 1607 2262 Postquam
1639 2200 1816 2248 literae

237 2290 311 2326 ne
356 2297 443 2344 per
489 2282 902 2344 haplographiam
949 2283 1236 2331 exciderant
1250 2320 1261 2342 ,
1308 2284 1447 2332 nullo
1481 2284 1583 2331 iam
1615 2284 1816 2347 negotio

235 2367 501 2429 reliquiae:
540 2373 824 2410 ΠΟΙΗΝΤΑΙ
859 2367 1068 2415 abibant
1101 2368 1153 2414 in
1187 2368 1479 2427 lectionem,
1514 2368 1690 2417 deinde
1717 2383 1815 2417 ser-

235 2453 432 2500 vabam:
470 2458 704 2499 ποιεῖται.

302 2538 328 2596 ἓ
353 2536 426 2586 11.
461 2537 550 2584 καὶ
586 2541 786 2599 πρῶτον
817 2535 916 2598 μὲν
945 2536 1309 2588 διδασκαλεῖον
1339 2535 1432 2600 <ᾖ>
1461 2533 1520 2597 ἦν
1550 2537 1816 2597 ἐπιτηδειό-

236 2639 392 2670 τατον
426 2631 514 2682 τῆς
550 2623 672 2684 ἐμῆς
707 2622 878 2679 οἰκίας
911 2625 1276 2681 κατεσκεύασα,
1315 2625 1370 2672 ἐν
1405 2617 1536 2688 ᾧπερ
1567 2623 1659 2672 καὶ
1697 2631 1816 2672 Διο-

235 2709 436 2764 νυσίοις
479 2709 561 2757 ὅτε
607 2710 887 2774 ἐχορήγουν
934 2708 1237 2758 ἐδίδασκον·
1283 2709 1467 2757 Statim
1511 2710 1720 2770 apparei,
1762 2708 1815 2756 in

235 2793 459 2841 codicum
493 2794 706 2842 lectione
743 2796 861 2842 ante
896 2795 1104 2843 verbum
1133 2791 1194 2854 ἦν
1225 2794 1490 2842 desiderari
1517 2793 1814 2841 vocabulum

236 2878 513 2939 quoddam,
568 2893 666 2940 quo
712 2879 954 2926 transitus
999 2881 1204 2940 parebur
1248 2894 1279 2926 a
1322 2878 1522 2926 nomine
1567 2876 1814 2926 διδασκα-

237 2962 369 3009 λεῖον
413 2962 476 3008 ad
521 2963 779 3024 sequentia
793 2999 804 3021 ‚
839 2978 993 3024 quae,
1027 2965 1086 3010 ut
1119 2963 1242 3010 illud
1277 2963 1558 3010 accuratius
1592 2962 1814 3012 definire-
