2014 3412
944 286 1007 334 49

168 427 338 477 posse,
385 414 448 461 ut
482 413 609 461 nihil
643 413 860 476 amplius
874 453 886 472 ,
921 428 1028 476 quo
1057 411 1369 461 offendamur
1403 414 1667 461 remaneat
1683 449 1694 471 ‚
1730 413 1772 460 si

169 499 408 563 legimus:
449 502 672 564 τροφέας
706 497 967 553 τ’<ἐἷ>ναι
1002 497 1277 563 παρέδωκε.
1314 496 1486 545 Omnis
1514 498 1617 545 iam
1648 497 1771 544 diffi-

171 583 336 646 cultas
382 585 621 644 evanuit,
672 601 792 632 nam
843 586 895 633 et
944 584 1187 632 habemus
1241 582 1557 632 Infinitivum
1574 621 1585 643 ‚
1620 598 1773 645 quem

170 669 496 732 poscebamus
511 706 523 729 ‚
553 672 606 718 et
634 670 923 733 agnoscitur
951 669 1233 732 particulae
1262 669 1365 716 καί
1384 649 1546 732 orig03
1577 683 1774 731 nempe,

169 755 441 817 postquam
486 755 721 803 librarius
768 755 974 818 quidam
1019 770 1109 818 pro
1157 752 1339 803 τέἶναι
1387 755 1680 817 scripserat:
1725 774 1774 803 τε

172 855 315 900 ιναι,
349 840 458 889 fieri
492 855 595 889 non
628 843 853 903 poterat,
883 841 1005 904 quin
1039 840 1218 889 literae
1249 859 1363 889 ιναι
1391 856 1593 904 quoquo
1625 841 1773 890 modo

172 928 630 989 corrumperentur.

240 1010 476 1061 Ceterum
527 1012 761 1075 equidem
806 1012 931 1062 scire
977 1013 1132 1062 velim
1151 1050 1163 1073 ,
1197 1028 1296 1076 quo
1332 1013 1442 1061 iure
1476 1012 1530 1060 in
1566 1027 1774 1075 sequen-

171 1097 334 1147 tibus:
367 1100 456 1147 ἵνα
486 1100 557 1161 μὴ
585 1100 762 1148 σπάνει
794 1105 898 1149 τῶν
929 1099 1239 1164 ἀναγκαίων
1262 1102 1775 1163 προαποθνῄσκοιμεν

172 1190 262 1245 τῆς
296 1191 506 1249 γηραιοῦ
542 1185 794 1246 τελευτῆς,
830 1186 994 1248 prima
1028 1185 1162 1234 adsit
1198 1186 1338 1234 verbi
1367 1200 1595 1248 persona.
1627 1185 1780 1242 Quasi

173 1270 323 1331 deuS,
358 1286 474 1320 cum
509 1271 792 1319 humanum
826 1286 984 1334 genus
1020 1271 1280 1329 conderet,
1318 1271 1563 1319 maioribus
1592 1271 1778 1320 nostris

172 1358 364 1405 terram
399 1358 554 1419 atque
589 1371 729 1404 mare
757 1357 1047 1415 tribuisset,
1076 1359 1136 1404 ut
1166 1356 1316 1415 nobis,
1343 1358 1570 1419 posteris,
1590 1357 1778 1406 altores

172 1442 296 1492 haec
322 1444 490 1492 essent
504 1480 516 1503 ,
545 1442 787 1505 nobisque
806 1443 1103 1506 praeberent
1122 1443 1403 1491 necessaria
1421 1443 1559 1492 vitae
1578 1445 1775 1491 susten-

173 1527 360 1577 tandae
393 1527 655 1590 praesidia.
692 1526 743 1575 Si
777 1527 895 1589 quid
933 1528 1095 1576 sentio
1110 1566 1121 1588 ‚
1158 1530 1363 1577 extrusa
1397 1528 1548 1576 litera
1581 1547 1623 1591 ,ιι
1659 1528 1778 1576 scri-

174 1613 396 1663 bendum
430 1613 552 1662 erit:
590 1618 826 1678 προαποθ
836 1617 1085 1676 νῄσκοιεν.

243 1701 272 1761 ἓ
289 1699 332 1747 6.
365 1699 419 1748 εἰ
440 1698 541 1762 μὲν
570 1699 669 1765 γάρ
698 1699 839 1748 ἄκων
868 1699 1126 1749 ἀπέκτεινε
1144 1701 1235 1748 τὸν
1255 1699 1447 1764 ἄνδρα,
1469 1700 1616 1757 ἄξιος
1634 1700 1700 1748 ἂν
1719 1696 1780 1760 ἦν

178 1788 485 1851 συγγνώμης
509 1794 689 1848 τυχεῖν
707 1788 866 1843 τινός·
886 1787 1037 1850 ὕβρει
1058 1785 1111 1834 δὲ
1132 1787 1224 1834 καὶ
1242 1787 1498 1851 ἀκολασίᾳ
1516 1791 1782 1851 παροινῶν

175 1872 247 1928 εἰς
287 1871 455 1936 ἄνδρα
502 1873 815 1937 πρεσβύτην,
864 1875 1061 1922 τύπτων
1111 1892 1161 1921 τε
1201 1874 1294 1922 καὶ
1336 1872 1531 1939 πνίγων
1565 1878 1657 1928 ἕως
1693 1881 1781 1933 τῆς

181 1966 353 2021 ψυχῆς
386 1958 719 2023 ἀπεστέρησεν
754 1959 942 2015 αὐτόν,
981 1960 1051 2015 ὡς
1087 1957 1185 2020 μὲν
1231 1960 1538 2016 ἀποκτείνας
1568 1967 1656 2009 τοῦ
1688 1962 1778 2021 φό-

179 2062 272 2093 νου
333 2051 446 2101 τοῖς
509 2046 789 2106 ἐπιτιμίοις
842 2046 1034 2108 ἔνοχός
1086 2048 1255 2106 ἐστιν,
1309 2047 1378 2102 ὡς
1429 2045 1485 2095 δὲ
1540 2050 1780 2112 συγχέων

178 2132 386 2181 ἅπαντα
442 2137 547 2181 τῶν
597 2135 928 2198 γεραιοτέρων
977 2132 1068 2192 (Nt
1105 2134 1197 2182 τὸν
1233 2135 1583 2198 γηραιότερον.
1621 2133 1666 2179 Α
1702 2149 1776 2196 pr.

179 2223 283 2267 τῶν
328 2221 699 2283 γεραιρὲτέρων.
752 2234 904 2267 corn:
949 2225 1051 2267 τῶν
1081 2222 1436 2284 γεραιοτέρων)
1474 2219 1539 2267 τοὶ
1574 2221 1778 2279 νόμιμα

180 2303 389 2361 οὐδενὸς
435 2304 708 2369 ἁμαρτεῖν,
747 2302 829 2362 οἷς
863 2311 919 2354 οἱ
949 2312 1170 2354 τοιοῦτοι
1205 2306 1540 2366 κολάζονται,
1574 2306 1783 2362 δίκαιός

179 2393 340 2441 ἐστιν.
384 2391 516 2440 Male
554 2407 633 2440 me
670 2392 848 2451 habet,
884 2392 1019 2454 quod
1054 2407 1228 2441 omnes
1265 2393 1427 2440 adhuc
1453 2393 1785 2455 Antiphontis

177 2476 392 2526 editores
440 2477 488 2525 h.
520 2477 554 2525 1.
597 2476 837 2525 exhibent
869 2477 1138 2526 lectionem
1150 2493 1164 2528 -:
1202 2483 1306 2527 τῶν
1340 2482 1700 2543 γεραιοτέρων,
1735 2478 1788 2525 id

178 2563 338 2612 latere
379 2564 623 2626 putantes
669 2562 722 2610 in
769 2562 952 2611 codicis
999 2562 1048 2611 N
1093 2564 1308 2613 lectione
1352 2565 1654 2627 depravata:
1695 2566 1787 2613 τὸν

179 2650 523 2714 γηραιότερον.
560 2648 759 2697 Scilicet
794 2647 911 2696 huic
945 2648 1074 2697 libro
1106 2664 1308 2697 summa
1338 2650 1640 2698 attribuitur
1668 2666 1784 2699 auc-

177 2734 360 2783 toritas
375 2771 388 2794 ,
423 2734 632 2783 alterius
667 2735 841 2781 autem
878 2733 1062 2782 codicis
1092 2734 1138 2782 A
1167 2735 1407 2785 lectiones
1423 2773 1435 2796 ,
1464 2736 1583 2784 licet
1615 2751 1782 2798 saepe—

179 2834 390 2869 numero
452 2819 618 2867 multo
681 2819 785 2867 sint
836 2819 1092 2880 meliores,
1146 2823 1260 2869 tum
1312 2821 1518 2870 demum
1570 2821 1782 2869 alicuius

180 2905 429 2954 momenti
463 2920 569 2954 esse
599 2905 894 2961 censentur,
927 2919 1042 2953 cum
1068 2907 1393 2955 consentiunt
1419 2922 1535 2955 cum
1552 2906 1634 2964 iis,
1654 2922 1784 2968 quae

177 2989 233 3038 in
267 2991 428 3040 altero
461 2991 550 3039 illo
586 2990 714 3039 libro
749 2989 1004 3052 leguntur.
1040 2990 1175 3039 Nam
1212 3007 1329 3041 cum
1355 2992 1504 3041 hodie
1533 2992 1614 3041 vel
1642 2993 1784 3055 pueri

1566 3079 1588 3110 4
