2014 3412
1009 333 1069 382 67

254 455 394 508 tione
437 458 706 507 restituere
744 459 968 518 studens,
997 458 1252 520 praebeat,
1281 472 1380 520 quo
1409 458 1551 506 novis
1580 457 1854 506 obruamur

256 542 638 597 difficultatibus
653 559 664 602 ;
706 559 854 601 „nam
891 543 1194 591 absurdum”
1227 543 1503 591 rectissime
1521 543 1687 604 inquit
1703 542 1854 589 Hart-

257 642 434 676 manus
485 628 713 685 „Videtur
745 629 1145 691 ἀμφισβήτησιν
1181 628 1413 676 ὑπελίπου
1451 657 1511 662 -—
1550 629 1620 683 ὡς
1656 629 1853 688 ἀμφισ-

258 712 554 775 βητήσω.”
601 713 707 769 Quo
743 716 899 762 etiam
933 714 1149 772 accedit,
1183 713 1316 775 quod
1350 713 1546 760 rixandi
1580 714 1744 760 locum
1779 728 1854 761 re-

257 797 464 860 liquisse
507 798 743 846 dicendus
789 801 867 847 est
883 836 895 858 ,
937 814 1039 847 non
1082 800 1142 846 ut
1187 813 1245 846 eo
1291 800 1471 845 utatur
1509 799 1565 845 ἐν
1599 806 1709 852 τοῖς
1743 800 1854 846 τότε

258 879 570 942 δικασταῖς,
614 883 699 931 sed
745 884 947 943 statim,
991 886 1261 946 postquam
1308 883 1569 931 absolutus
1607 884 1680 950 ⁴sit
1724 899 1851 931 reus,

256 967 387 1016 Tum
421 968 557 1016 enim
593 968 945 1030 ἀμφισβητεῖν
978 969 1010 1016 i.
1045 984 1087 1017 e.
1128 969 1316 1030 „ipsam
1352 968 1725 1016 absolutionem
1743 969 1853 1015 irri-

256 1055 367 1102 tam
401 1053 635 1102 reddere”
670 1054 863 1116 potuit,
898 1069 1082 1102 novam
1117 1053 1428 1101 instituendo
1464 1055 1852 1101 accusationem.

257 1138 398 1195 Quod
442 1144 615 1187 autem
663 1139 974 1186 Hartmanus
1021 1138 1294 1186 offenditur
1326 1138 1458 1196 loco,
1493 1138 1582 1185 ubi
1616 1139 1855 1200 leguntur

255 1222 370 1270 illa:
413 1224 484 1279 ὡς
529 1225 620 1272 καὶ
664 1231 775 1278 τοῖς
808 1227 921 1272 τότε
956 1222 1235 1278 δικασταῖς
1270 1223 1592 1281 ἀπιστήσων,
1629 1237 1759 1284 quae
1794 1225 1853 1270 ut

256 1309 647 1370 transponamus
681 1309 861 1356 suadet
888 1311 1022 1370 post:
1057 1309 1182 1356 ἑλὼν
1213 1303 1329 1357 δἀῧ
1359 1309 1597 1364 ἀξιώσεις
1636 1327 1698 1368 με
1732 1307 1854 1356 ἀπο-

259 1400 459 1442 κτεῖναι
506 1395 574 1450 ὡς
619 1399 708 1443 τοῦ
755 1396 918 1454 φόνου
948 1396 1037 1452 τὴν
1072 1391 1222 1451 δίκην
1257 1393 1552 1454 ὠφληκότα,
1587 1394 1640 1440 in
1676 1393 1769 1440 hac
1801 1408 1855 1440 re

259 1478 372 1528 viro
417 1479 706 1528 doctissimo
752 1480 986 1528 assentiri
1028 1494 1130 1527 non
1172 1494 1375 1541 possum
1390 1515 1402 1537 ,
1449 1493 1568 1525 nam
1585 1514 1597 1537 ,
1647 1478 1689 1525 si
1722 1478 1856 1526 inter

259 1578 371 1623 eOS,
416 1564 504 1626 qui
537 1565 833 1624 audiebant,
869 1564 1079 1612 fortasse
1113 1578 1244 1610 unus
1279 1565 1370 1610 aut
1404 1563 1533 1611 alter
1566 1577 1747 1625 parum
1781 1562 1856 1608 in-

259 1648 553 1709 tellexerat,
587 1649 795 1713 quinam
830 1650 933 1697 sint
969 1655 1026 1697 οἱ
1054 1651 1166 1697 τότε
1201 1647 1475 1705 δικασταί,
1509 1648 1551 1695 is
1586 1662 1646 1695 ex
1682 1646 1858 1694 statim

265 1734 686 1797 subsequentibus
731 1735 1009 1797 perspicere
1041 1734 1211 1796 potuit
1226 1767 1240 1792 ‚
1276 1733 1484 1781 indicari
1513 1736 1630 1787 τοὺς
1671 1730 1856 1794 Ἀρειο-

261 1821 508 1884 παγιτας.
552 1819 658 1867 Nec
700 1834 848 1881 porro
894 1820 994 1867 ista
1033 1819 1423 1880 transpositione
1470 1818 1746 1880 quidquam
1781 1817 1857 1864 lu-

260 1919 486 1964 cramur,
520 1919 640 1963 nec,
673 1904 715 1951 si
750 1905 871 1966 quid
906 1905 1062 1952 etiam
1090 1910 1148 1965 τῇ
1179 1904 1403 1968 εὐφωνίᾳ
1419 1903 1747 1950 tribuendum
1765 1903 1857 1959 est,

261 1989 325 2037 ab
370 1989 463 2037 hac
505 1991 652 2052 parte
696 1989 843 2037 valde
887 1989 1100 2037 arridet:
1149 1990 1217 2045 ὡς
1258 1994 1347 2038 τοῦ
1382 1991 1546 2049 φόνου
1581 1990 1672 2046 τὴν
1706 1986 1857 2046 δίκην

261 2074 554 2135 ὠφληκότα,
593 2074 663 2130 ὡς
697 2076 814 2122 cett.
851 2074 1106 2130 Quomodo
1139 2074 1467 2136 Antiphontis
1502 2088 1682 2120 manus
1717 2073 1857 2120 resti-

258 2159 450 2208 tuenda
486 2160 555 2207 sit
569 2197 580 2219 ‚
610 2161 774 2208 nescio
790 2196 802 2218 ,
831 2160 1084 2207 sententia
1113 2161 1302 2219 autem,
1332 2175 1487 2222 quam
1517 2158 1856 2206 desideramus

258 2248 338 2293 est
382 2245 559 2293 haece:
609 2245 780 2293 ἔπειτα
830 2244 884 2293 δὲ
923 2246 1028 2307 οὐχ
1062 2246 1154 2306 (ὡς
1188 2247 1438 2293 πιστεύων
1473 2251 1540 2308 τῷ
1574 2244 1858 2307 πράγματι)

259 2330 738 2392 ἀναμφισβητήτως
768 2334 860 2378 ἕνα
892 2331 983 2378 τὸν
1014 2330 1196 2394 ἀγῶνα
1226 2333 1440 2394 περὶτοῦ
1460 2332 1684 2389 (αὐτοῦ)
1703 2329 1858 2392 πράγ-

259 2434 428 2476 ματος
464 2418 704 2475 ἐποιήσω,
740 2415 844 2472 ᾀλλ’
880 2417 949 2471 ὡς
985 2417 1400 2477 ἀμφισβητήσων
1437 2417 1685 2466 κακνὸν)
1707 2415 1860 2478 λόγον

259 2503 492 2552 ὑπελίπου
529 2503 585 2551 ἐν
620 2509 732 2557 τοῖς
767 2505 880 2551 τότε
915 2500 1205 2556 δικασταῖς.

325 2591 355 2650 5
395 2587 468 2638 17.
516 2589 592 2636 ἔτι
639 2586 696 2636 δὲ
741 2586 861 2650 μάλ’
909 2587 1093 2645 ἐδέθην
1140 2580 1179 2634 ὦ
1223 2585 1406 2648 ἄνδρες
1440 2587 1856 2648 παρανομώτατα

262 2672 504 2722 ἁπάντων
551 2672 854 2736 ἀνθρώπων.
904 2672 1196 2720 Rectissime
1234 2670 1547 2718 Hartmanus
1582 2671 1729 2718 docta
1763 2670 1858 2716 dis-

260 2759 525 2820 putatione
588 2757 864 2806 sententias
915 2756 976 2804 de
1026 2756 1120 2804 hoc
1170 2756 1280 2804 loco
1331 2755 1554 2818 prolatas
1606 2755 1859 2812 refutanS,

262 2842 648 2901 animadvertit,
685 2842 790 2890 sive
824 2856 939 2889 cum
974 2840 1173 2889 Reiskio
1209 2843 1322 2902 post
1357 2841 1496 2900 μάλα
1532 2841 1722 2887 inseras
1751 2839 1857 2886 οἰκ-

259 2932 418 2991 τρῶς,
472 2925 668 2982 ἀδίκως
712 2926 792 2974 vel
840 2925 945 2972 tale
993 2925 1140 2986 quid,
1183 2926 1287 2973 sive
1334 2924 1657 2973 Herwerdeni
1692 2925 1769 2971 ἔτι
1806 2922 1860 2971 δὲ

259 3014 484 3074 μᾶλςλον
531 3013 662 3063 τοῦτ’
701 3012 936 3073 ἀνιῶμαι
969 3009 1274 3069 ὅτι>ἔὸέθην
1309 3010 1635 3074 proponentis
1671 3009 1861 3057 coniec-
